3084 4934
229 394 298 469 tto
589 415 626 465 n.
649 412 754 471 6666
779 414 993 466 suvcuscrs

228 559 471 647 Terpsichoren
484 560 555 628 odit
568 554 761 629 iscnndc'et
774 562 864 626 nuda
879 568 1044 629 senectus.

272 663 401 749 Accipe
414 682 502 730 6666
517 671 670 745 6616666
684 666 767 750 qnid
783 666 844 730 tibi
859 666 1006 731 conferat
1019 666 1093 744 istc,

231 765 341 848 Quem
356 766 451 847 colis,
466 775 499 834 et
514 768 699 847 Musarum,
714 773 748 833 61
760 766 928 852 Apollinis
943 768 1016 833 aede
1031 768 1158 835 relicta.

230 871 311 955 Ipse
323 870 406 936 iacit
416 892 543 951 versus,
560 878 661 956 61666
670 874 729 939 661
739 873 832 937 cedit
847 872 997 943 Homero

217 968 371 1058 ”Propter
382 975 472 1040 mille
487 992 615 1058 ennos3
637 981 683 1053 et,
698 976 729 1040 si
745 973 920 1039 dulcedine
933 973 1033 1040 famae

228 1194 277 1238 166
284 1193 475 1254 mensulem
481 1196 574 1241 reuecta
581 1193 882 1256 clcqnmcdesudotcet
891 1207 916 1241 sc
924 1190 1195 1257 stucm'l'erpsiclscres
1200 1195 1339 1246 66616166.

229 1255 287 1304 Jum
303 1257 360 1304 6661
375 1257 623 1320 6666616161ὥί
639 1258 729 1307 1616661
745 1259 767 1307 16
787 1274 855 1322 queen
871 1258 987 1308 obseruas.
1021 1260 1056 1308 Et
1070 1260 1197 1309 Muccurum
1213 1265 1238 1309 et
1256 1259 1338 1309 Plebi

230 1319 328 1369 dimisso
344 1323 440 1387 templo,
457 1321 508 1401 ipsc
524 1320 604 1372 condit
622 1324 736 1388 carmina,
753 1328 777 1372 ct
795 1323 900 1373 Homero
917 1322 961 1373 soli
976 1322 1081 1373 costccdit
1096 1324 1124 1373 61
1137 1338 1211 1374 annos
1225 1326 1339 1375 millenos.

228 1569 326 1629 1666661
338 1582 378 1631 11.
390 1585 437 1631 26.’
443 1584 484 1632 22.
495 1598 656 1634 6666....6666
668 1584 778 1632 17.-36’
794 1582 953 1649 Terpsicorem
965 1586 1006 1633 46.
1019 1584 1060 1632 67.
1087 1580 1237 1645 Terpsicoreu
1245 1584 1285 1632 17.
1297 1577 1338 1633 lt.

230 1648 270 1694 19.
281 1649 322 1696 26.
341 1646 551 1699 11666616666624.
587 1648 728 1697 Terso'ccrcm
738 1652 770 1697 27
774 1684 779 1697 .
791 1652 832 1697 46.
844 1653 886 1698 47.
922 1647 1058 1697 1666166666
1074 1651 1113 1696 14.
1132 1650 1172 1696 16.
1190 1650 1230 1697 21.
1242 1651 1284 1696 22.
1295 1652 1338 1698 68.

221 1709 389 1767 1666661613.
400 1716 441 1761 26.
453 1728 481 1762 oc
492 1715 555 1763 6666
566 1716 716 1763 21.-66-44
733 1713 828 1762 absunt
846 1714 879 1763 ab
900 1717 940 1762 16.
957 1728 1017 1761 nuuc
1034 1727 1081 1776 pro
1098 1716 1153 1760 tuuc
1169 1712 1291 1760 revocavi
1301 1727 1336 1761 ex

229 1777 314 1824 14-26.
325 1780 416 1825 26627.
427 1782 511 1827 4666.
527 1782 612 1828 6663.
628 1782 764 1829 667177.
797 1779 884 1842 Aspice
893 1793 956 1828 6666
976 1783 1042 1826 ortes
1063 1776 1177 1825 malebat
1198 1776 1349 1826 Schrader.-

229 1837 274 1887 tili
285 1840 342 1902 quid
353 1845 393 1889 16.
410 1841 519 1905 6666616
537 1847 576 1892 19.
592 1846 653 1907 6666
668 1848 774 1893 atu—37
792 1843 845 1892 Alii
865 1845 942 1893 aliter
959 1842 1153 1906 interpungout
1186 1841 1337 1892 Prordicto

228 1901 297 1954 forte
309 1906 447 1968 legendnm
465 1908 562 1970 reiecta,
573 1917 603 1956 ut
619 1902 708 1958 sensns
725 1910 760 1958 sit
776 1908 808 1972 is,
824 1924 902 1973 quem
918 1908 1033 1958 nonnulli
1053 1922 1087 1957 ex
1105 1912 1214 1968 recepta
1225 1907 1337 1956 lectione

228 1967 345 2033 61161661,
356 1978 489 2021 contemto
504 1974 607 2036 jndicio
627 1974 764 2024 doctorum
785 1974 914 2023 hominnm
932 1979 1001 2033 661.;
1018 1973 1061 2021 vel
1079 1977 1196 2035 receptus,
1212 1977 1241 2020 nt
1259 1972 1338 2035 poiita

229 2032 368 2098 significet,
379 2044 526 2102 patronum,
537 2039 651 2103 quamvis
662 2038 745 2088 invita
763 2040 884 2088 Minerva
901 2053 991 2088 versus
1002 2036 1092 2099 facist,
1103 2044 1189 2085 temen
1201 2044 1337 2101 receptum

228 2111 286 2147 esse
296 2100 322 2148 in
334 2115 467 2151 numerum
479 2103 624 2164 doctorum,
636 2104 728 2168 quilius
739 2103 865 2168 imagines
877 2104 1006 2153 dedicatae
1018 2103 1070 2152 sint
1082 2115 1113 2150 ac
1124 2107 1218 2150 stntnae
1235 2101 1262 2149 in
1273 2109 1339 2151 tem·

227 2162 277 2225 plis
291 2165 423 2214 Mussrnm
436 2173 464 2216 et
475 2165 611 2231 Apollinis,
622 2183 656 2217 ex
668 2183 748 2233 prauo
759 2169 827 2218 illius
840 2169 926 2217 aetatis
933 2168 1044 2231 judicio,
1056 2166 1203 2230 66661666
1214 2166 1337 2216 honorem

227 2233 257 2275 61
266 2227 378 2291 indignis
390 2237 417 2279 61
428 2230 520 2294 dignis,
531 2234 593 2296 quin
611 2233 662 2280 illis
679 2233 774 2294 saepius
790 2248 867 2297 qnam
883 2232 933 2291 liis,
949 2230 1159 2280 deferebat-to
1173 2231 1338 2280 6666116611

227 2292 249 2339 si
258 2295 301 2342 16.
313 2297 354 2343 21.
375 2309 391 2342 6
402 2308 437 2345 m.
452 2309 504 2345 sec.
521 2301 562 2346 24.
581 2301 622 2354 26.
639 2300 680 2346 46.
697 2301 738 2347 49.
756 2302 798 2347 60.
814 2301 899 2346 cat-57.
917 2300 1002 2345 69-66.
1013 2299 1098 2347 tto-co.
1113 2299 1197 2345 7174.
1208 2296 1335 2345 6616116.

732 2471 844 2523 NOTAE

261 2594 292 2639 36
306 2591 485 2660 Terpsichoren]
500 2595 632 2646 Musarum
643 2597 700 2646 hnc
711 2610 763 2646 nnn
802 2594 921 2644 versibus
932 2597 1086 2658 compensat
1097 2596 1207 2642 tantum.
1226 2589 1271 2641 Ad
1281 2605 1336 2651 rem

228 2668 359 2730 estdictn
373 2672 442 2735 qnod
461 2673 578 2724 oblectet
595 2673 712 2737 61166666,
723 2674 762 2723 ni·
802 2671 867 2722 facit
887 2672 955 2737 qued
976 2670 1094 2721 Macrob.
1114 2669 1243 2719 86166661.
1262 2682 1294 2720 11.
1310 2675 1336 2720 4.

227 2744 319 2794 mirum
336 2761 383 2810 per
394 2749 528 2811 citharam,
544 2752 618 2815 cnjus
629 2751 762 2803 inventrix
802 2748 883 2798 refert
899 2749 933 2798 66
943 2746 1072 2813 Angusto,
1089 2746 1134 2811 661
1151 2745 1272 2796 Graecnlo
1284 2746 1338 2797 cut

226 2819 348 2875 naccum
363 2821 454 2889 Τέρψις,
465 2827 599 2891 delectatio,
609 2834 637 2876 et
649 2825 732 2891 χόρος.
802 2826 861 2875 dam
870 2823 1102 2890 Epigrammntinm
1117 2821 1167 2871 sibi
1179 2819 1336 2885 ,frequenter

261 2900 295 2946 66
309 2900 398 2963 Accipe
423 2917 484 2951 nuuc
511 2905 587 2967 ortes]
615 2902 686 2953 Audi
704 2905 761 2968 jam
801 2900 920 2968 offerenti
947 2899 1061 2950 reddidit
1089 2899 1270 2962 Epigramma3
1306 2904 1336 2948 61

229 2974 331 3037 quante
344 2977 444 3028 artibus
465 2978 576 3027 illudent
589 2978 680 3029 Podtis
698 2981 762 3030 divi·
801 2993 896 3044 pancos
908 2977 1030 3028 denarios
1043 2975 1139 3025 callide
1154 2974 1241 3025 statim
1254 2973 1337 3037 purri-

228 3055 269 3100 tes
279 3049 397 3117 Patroni,
413 3069 447 3104 ne
458 3055 521 3120 quid
532 3057 589 3120 opis
600 3065 629 3108 61
642 3059 760 3122 pecunie
801 3058 874 3121 genti
894 3070 1019 3109 summam
1048 3053 1180 3118 ingentem
1205 3052 1337 3104 numerari

192 3166 197 3170 .
227 3125 279 3175 illis
290 3128 481 3192 impertiantur.
610 3125 612 3130 ’
797 3123 886 3197 jussit.

260 3207 292 3252 67
319 3207 355 3255 Et
371 3208 496 3260 Musarum
515 3214 539 3258 et
555 3210 683 3275 Apollinis,
706 3211 761 3275 isc]
835 3206 952 3271 Homero]
967 3206 1034 3256 Vide
1046 3204 1124 3255 Satis.
1135 3218 1176 3255 vr.
1188 3220 1226 3254 rs.
1236 3208 1295 3256 467.

223 3278 295 3329 ,11166
300 3281 465 3345 junguntclii
475 3301 533 3339 cum
542 3287 761 3352 procedentibus,
828 3292 867 3339 ,39
882 3289 988 3350 Propter
997 3285 1061 3335 661116
1070 3282 1155 3345 cusos]
1172 3283 1216 3335 Ob
1227 3282 1338 3348 antiqni-

228 3355 339 3407 6111666
349 3360 527 3424 sequentibus·
800 3371 883 3416 tutem
901 3366 1044 3415 duntaxat:
1080 3367 1177 3411 caeters
1196 3375 1248 3410 666
1275 3375 1337 3413 con·

260 3434 388 3506 Musarum
404 3441 428 3485 ct
448 3434 568 3499 Apollinis
582 3437 644 3501 nde]
669 3437 760 3488 AEdem
801 3438 1192 3503 66666666ς6666161666661.
1220 3437 1337 3488 DeHo·

227 3508 312 3560 Musis
340 3512 456 3563 extruxit
477 3513 589 3567 Martius
609 3514 759 3579 Philippns;
801 3520 866 3571 meri
886 3525 965 3568 aetstc
987 3515 1056 3579 apud
1069 3514 1337 3565 Auctoresnoncon·

226 3585 344 3650 Apollini
373 3589 400 3637 in
431 3603 478 3639 sno
501 3590 604 3640 Palatio
626 3590 760 3655 Augustus
800 3595 882 3645 uenit.
915 3595 1000 3643 Vetus
1016 3596 1103 3640 sutem
1118 3589 1278 3639 scholiastes
1291 3589 1336 3641 hic

216 3663 332 3727 ,Casan
348 3670 417 3716 teste
428 3666 533 3717 Sueton.
545 3667 639 3719 06166.
651 3667 760 3734 August.
801 3670 840 3720 116
866 3669 995 3734 loquitur:
1021 3666 1200 3716 ‘dinumerato
1225 3665 1336 3716 fortasse

226 3744 305 3791 mil,
587 3768 591 3777 ·
725 3788 728 3793 ,
801 3753 918 3812 tempore
946 3744 979 3794 ad
1006 3750 1224 3807 ememusque
1253 3758 1334 3808 snam,

232 3877 236 3883 .
259 3821 292 3867 88
309 3817 433 3881 Ipscfncit
442 3819 532 3884 666666]
548 3820 677 3872 Patronus
687 3823 759 3873 dives
800 3825 885 3874 Podta
903 3823 970 3872 dixit
985 3822 1057 3871 mille
1080 3835 1161 3870 annos
1178 3818 1283 3870 6661666
1301 3821 1335 3873 ab

226 3892 369 3947 Petitarum
380 3894 495 3945 versibus
507 3895 624 3961 indigere
638 3913 666 3948 se
679 3905 761 3963 negat
802 3903 926 3965 Homero,
942 3901 986 3966 qui
1005 3898 1057 3948 tuit
1075 3899 1149 3947 66616
1167 3905 1228 3947 ante
1246 3898 1335 3949 urbem

225 3969 285 4034 ipse
295 3970 416 4021 meliores
427 3967 536 4035 inciens,
549 3988 596 4023 suo
607 3974 711 4039 quidem
719 3976 761 4040 ju·
801 3978 934 4029 conditam
946 3983 1050 4026 centum
1066 3979 1094 4025 61
1110 3975 1257 4038 sexaginta,
1273 3980 1335 4038 post

226 4047 304 4106 dicio.
327 4048 397 4097 Hinc
407 4048 451 4097 ille
462 4048 539 4097 sumit
550 4064 636 4098 susam
646 4056 676 4100 61
686 4065 760 4101 occa·
801 4055 879 4105 Ilium
891 4058 997 4118 captum
1008 4051 1128 4101 docentis
1139 4050 1292 4115 sexaginta?

227 4123 326 4174 sionem
338 4124 400 4173 nihil
409 4138 569 4174 nummorum
579 4126 726 4176 colentibus
733 4142 762 4176 se
834 4130 865 4178 Si
874 4128 996 4178 dulcedine
1011 4125 1088 4187 fama
1102 4140 1224 4177 16666666
1237 4125 1335 4189 recites]

227 4199 302 4250 bonis
309 4200 419 4251 Vatibus
428 4199 520 4250 dnndi:
537 4206 583 4250 661
592 4208 665 4251 certe
673 4216 762 4254 versus
802 4210 830 4260 Si
847 4207 924 4258 16666
936 4210 1036 4257 tantum
1054 4211 1083 4255 61
1099 4204 1203 4256 lionoris
1212 4204 1336 4270 captandi

227 4267 762 4351 eommlsndsbilcssuisqualibuscumque
803 4279 1065 4337 cassaremusfacis.
