3084 4934
551 404 553 407 ’
612 398 751 452 sauma
776 402 833 454 m.

176 549 285 616 Nocte
299 550 367 615 iere
379 549 500 627 media,
517 549 726 632 mediamque
741 548 857 613 audite
869 568 932 632 per
950 547 1087 628 Urbem,

174 652 300 717 littore
313 653 356 717 ab
372 652 500 718 Oceani
514 651 624 717 Gallis
640 652 862 731 venientibus,
878 658 912 716 et
929 651 995 716 Dis

174 754 329 820 Officium
342 757 430 820 vatis
443 757 689 839 peragentibus,
705 756 758 819 his
770 757 898 820 monuit
911 775 985 820 uos.

174 858 274 925 Hauc
287 861 387 924 rebus
402 859 510 922 Latiis
524 878 639 922 curam
653 865 814 941 praestare
829 858 959 922 solebat
1213 857 1278 923 115

173 961 316 1038 Fictilis,
331 967 364 1025 et
377 961 469 1030 nnio
483 960 628 1025 violatus
644 960 774 1044 Jupiter
790 979 885 1024 auro.

173 1063 235 1127 Illa
249 1063 340 1127 domi
354 1070 466 1140 natas,
479 1069 659 1146 nostraque
673 1082 717 1126 ex
732 1063 848 1149 arbore
863 1081 996 1128 mensas

170 1164 338 1249 Tempora
351 1165 523 1231 viderunt:
546 1165 606 1231 hos
620 1166 744 1249 liguum
758 1165 869 1230 stabat
883 1166 916 1230 iu
929 1154 1023 1245 usuS,

169 1362 214 1396 uox
223 1355 291 1400 noete
301 1367 371 1414 prope
382 1353 467 1414 medio,
476 1359 499 1402 et
507 1353 533 1401 in
545 1353 623 1403 media
631 1353 727 1402 ciodate
735 1353 859 1411 cudite,
867 1367 926 1402 oum
937 1354 1072 1402 accederent
1083 1352 1150 1402 Galli
1157 1352 1187 1401 ab
1201 1355 1274 1401 Ocea·

168 1415 194 1462 ni
204 1416 267 1478 ripa,
285 1417 429 1466 Numinibus
438 1433 525 1481 quaque
539 1417 787 1478 munuasatidicorum
797 1418 956 1480 implentibus.
987 1419 1086 1482 Jupiter
1097 1423 1213 1468 testaceus
1222 1433 1275 1467 nec·

168 1479 224 1528 duan
235 1482 281 1530 ullo
288 1483 392 1545 pollutus
401 1498 457 1531 auro
467 1489 615 1543 cuuueoerut
627 1499 677 1532 earn
686 1498 769 1544 gerere
777 1484 951 1532 solicitudinem
961 1484 1080 1533 rationum
1093 1482 1173 1532 Latii.
1206 1484 1277 1531 AEtas
1346 1495 1352 1507 ¹

167 1543 214 1617 ieta
224 1547 347 1610 conspexit
358 1563 448 1597 mensas
459 1551 521 1612 apud
533 1563 584 1610 nos,
598 1553 621 1597 et
633 1564 664 1598 ee
674 1548 757 1598 urbere
768 1553 873 1598 unstrote
884 1554 989 1598 exortas
1021 1550 1062 1599 Aa
1073 1549 1132 1599 benc
1148 1548 1278 1598 utilitatem

166 1795 207 1851 ,⁴⁸-
244 1791 338 1841 Littore
347 1792 377 1840 ab
387 1792 482 1843 madeo
494 1793 591 1842 rectius
603 1790 690 1843 tarsen
709 1796 733 1842 6.
746 1792 851 1856 judicio
863 1793 942 1843 etiam
954 1795 1039 1844 Pulm.
1051 1802 1079 1845 et
1089 1792 1216 1845 Saburefl.
1228 1794 1282 1844 Lit-

166 1860 217 1905 tore
226 1858 257 1905 ab
267 1872 352 1906 emeno
363 1863 405 1907 65.
417 1866 445 1906 et
456 1859 510 1907 alii.
533 1874 556 1906 v.
568 1873 626 1922 rap.
639 1856 672 1906 ad
683 1872 719 1906 vs.
730 1861 855 1907 see-114
868 1860 925 1908 Vos·
935 1860 973 1908 bis
983 1874 1072 1923 parum
1084 1860 1220 1910 commoda
1232 1864 1281 1909 est.

165 1921 207 1979 lios
217 1923 336 1985 reposuit
347 1923 481 1986 Marshall,
491 1923 596 1986 adjecta
613 1925 661 1971 bac
671 1931 750 1972 nota:
767 1924 776 1950 ‘
788 1923 839 1984 bos,
860 1925 878 1972 i.
887 1939 911 1971 e.
931 1925 1021 1973 Gallos
1032 1926 1202 1974 adventantes
1214 1932 1242 1973 et
1253 1924 1280 1973 in

166 1986 270 2047 Italiam
281 1987 423 2037 irruentes:
441 2003 522 2037 moneo
534 1989 603 2036 euim
614 1986 746 2051 duplicem
758 1988 826 2050 regit
837 1988 1029 2039 accusativum!
1064 1989 1223 2039 Praestiterit
1234 1990 1282 2052 bic,

166 2051 265 2111 Rome,
277 2059 307 2100 nt
317 2065 405 2101 sensus
417 2053 467 2102 sit:
488 2069 537 2104 vox
550 2054 666 2102 Deorum
680 2053 769 2102 Roma·
783 2052 961 2116 praesentium,
971 2068 1023 2102 nou
1034 2054 1130 2103 oraculi
1141 2053 1282 2118 peregrini,

165 2117 266 2165 monuit
277 2118 557 2168 oos.—116oelatused
569 2132 649 2177 marg.
660 2117 718 2166 cod.
730 2116 859 2166 Almelor.
871 2119 971 2167 notarit
981 2118 1062 2168 docta
1077 2134 1173 2168 manus.
1192 2120 1261 2167 Male
1271 2119 1278 2166 !

164 2186 245 2234 2-117
262 2190 397 2245 nostrasque
409 2187 532 2232 ltu-118
548 2183 590 2231 ios
599 2186 682 2231 iti-ut.
693 2185 733 2231 27.
741 2186 826 2232 ibit).
838 2187 922 2232 tit-ob.
932 2187 1017 2233 71-73.
1028 2185 1055 2233 in
1065 2198 1121 2233 rests
1132 2188 1171 2234 10.
1183 2188 1224 2232 11.
1238 2187 1278 2232 12

165 2250 249 2323 ibit.
261 2251 303 2298 27.
314 2252 356 2297 48.
367 2251 450 2298 5469.
463 2250 548 2298 71-74.
582 2248 728 2312 Utrumque
739 2246 842 2299 restitui
854 2262 916 2312 pro:
933 2249 975 2298 bac
986 2249 1077 2313 Qun
1084 2248 1163 2299 nabat
1173 2252 1205 2298 ad
1215 2263 1280 2311 esus,

669 2413 779 2464 NOTAE

163 2556 230 2592 nora
247 2543 298 2604 ria,
314 2542 360 2593 ubi
377 2560 445 2595 nuuc
462 2546 585 2596 sacellum
601 2551 652 2609 est,
663 2561 703 2597 su·
742 2547 919 2597 nuntiantibus
931 2549 1108 2613 impendentia
1119 2548 1195 2609 mala,
1209 2553 1238 2595 ut
1249 2546 1281 2596 iis

162 2633 210 2682 pra
222 2621 415 2685 aedemVestae,
431 2638 521 2673 rocem
533 2624 703 2674 noctissilen·
741 2625 845 2676 obviam
856 2627 945 2677 beten.
976 2626 1045 2675 Vide
1056 2625 1120 2677 coel.
1132 2623 1215 2674 Rbod.
1227 2637 1279 2675 vii.

162 2696 199 2757 tio
222 2696 326 2747 audisse
345 2700 482 2749 clariorem
502 2701 622 2762 bruniana,
643 2716 702 2766 qnae
741 2707 801 2757 29.-

162 2773 362 2838 magistratibus
370 2775 423 2826 diei
426 2777 543 2840 juberet,
553 2779 645 2829 Gallos
655 2778 699 2828 ad·
772 2784 822 2829 116
839 2780 936 2830 fictilis
946 2781 1056 2844 Jupiter]
1072 2780 1173 2830 Seneca
1186 2779 1219 2830 ad
1232 2780 1281 2828 Inr-

161 2851 287 2913 reutare,’
299 2856 350 2902 dre.
372 2855 486 2904 Escae.
498 2854 615 2919 ejusdem
627 2855 700 2906 mon
740 2857 783 2906 cil.
802 2857 917 2922 ‘Cogita
934 2858 1014 2921 Deos,
1033 2873 1092 2907 cum
1112 2858 1220 2923 propitii
1243 2871 1281 2907 es·

161 2927 198 2979 sic
215 2928 310 2980 hebet:
338 2932 503 2996 ‘Expiaudse
526 2934 605 2982 etiam
626 2933 699 2983 vocis
740 2941 809 2995 sent,
818 2932 912 2987 fictiles
924 2932 1021 2984 luisse!
1055 2935 1123 2984 Pliu.
1141 2938 1280 2984 xxxmb.

160 3010 371 3070 nocturua,quae
381 3007 562 3058 nunciacledis
572 3015 635 3058 aute
646 3009 700 3058 bel·
740 3009 848 3061 fictilem
866 3011 942 3062 iovis
961 3010 1072 3076 effigiem
1085 3012 1161 3074 jussu
1171 3012 1279 3075 Tarqui·

161 3082 213 3130 lum
225 3082 357 3133 Gallicum
368 3085 457 3134 andita
472 3087 643 3152 neglectaque
660 3101 700 3136 es·
740 3087 777 3136 nii
787 3088 874 3137 Prisci
885 3087 1054 3147 elaboratam,
1063 3088 1089 3136 iu
1098 3086 1226 3150 Capitolio
1235 3085 1280 3135 de·

160 3164 210 3220 set,
220 3161 318 3209 mentio
326 3162 700 3228 illata,jussn1nqnetemplnm
740 3163 876 3213 dicandam
905 3163 996 3228 refert,
1024 3163 1164 3228 additque:
1198 3162 1278 3211 ‘Hae

159 3235 185 3284 in
196 3252 263 3286 nova
273 3238 315 3286 ria
325 3238 376 3289 Aio
386 3239 485 3291 locutio
502 3241 578 3291 lieri?
680 3240 682 3245 ’
739 3241 809 3289 enim
822 3247 876 3289 tum
888 3240 1012 3305 imagines
1029 3242 1117 3291 Deum
1133 3243 1209 3288 erant
1225 3239 1279 3287 lau·

192 3318 239 3364 ns
255 3315 350 3366 littore
365 3318 396 3366 ab
408 3319 498 3368 Oceani
510 3318 592 3369 Gallis
606 3321 700 3370 mun·
739 3318 897 3368 datissimoe:
916 3334 965 3368 uec
982 3320 1092 3384 poeuitet
1103 3332 1149 3368 nos
1166 3319 1278 3381 illorum,

160 3389 234 3456 tibus]
251 3392 353 3456 Legunt
364 3393 582 3458 alii,abaociduo.·
599 3396 653 3460 alii,
668 3396 699 3446 ab
739 3395 784 3460 qui
804 3397 872 3445 tales
892 3397 1006 3446 coluere.
1044 3394 1144 3445 Aurum
1161 3396 1229 3446 enirn
1250 3402 1279 3445 et

161 3471 263 3533 Oeneo,
280 3487 358 3535 quam
369 3474 508 3525 lectionem
518 3476 612 3526 assent
623 3477 696 3540 Lips.
738 3481 875 3536 argentum
897 3487 929 3522 ne
953 3474 1011 3524 Diis
1033 3473 1137 3539 quidem
1157 3473 1277 3524 conficie-

159 3546 270 3611 Epistol.
291 3551 393 3602 Quaest.
405 3565 444 3602 rr.
456 3557 498 3603 2⁵.
527 3553 583 3603 Lis.
595 3553 640 3605 cit.
650 3554 697 3604 lib.
738 3549 823 3612 bant:
832 3553 883 3600 dre.

159 3628 234 3675 eti.
262 3626 422 3691 ‘Inaudito,'
440 3629 533 3694 iuquit,
549 3631 644 3680 ‘hoste
663 3631 696 3680 ab
768 3629 844 3678 Nullo
855 3628 1035 3691 oiolotesaero]
1061 3627 1131 3677 Plin.
1150 3636 1211 3677 mox
1231 3626 1277 3678 eit.

159 3699 264 3750 Oceano
276 3708 457 3771 terrarumque
469 3706 567 3756 ultimis
579 3708 631 3758 oris
643 3708 696 3758 bel·
736 3699 744 3727 ‘
757 3704 880 3767 Durant‚’
900 3704 994 3768 inquit,
1005 3707 1012 3730 ‘
1022 3705 1049 3753 iu
1062 3704 1192 3770 plerisque
1212 3703 1276 3753 loeis

158 3775 207 3825 lum
219 3778 325 3844 cisum,
337 3784 388 3830 dre.
736 3782 817 3831 etiem
838 3795 908 3831 nune
932 3780 1024 3831 fictilia
1044 3781 1095 3831 ista
1122 3780 1276 3831 simulacre:

189 3854 436 3925 Gallisuenientibes]
452 3861 492 3910 De
514 3863 649 3912 Gallorum
669 3862 696 3913 in
736 3857 844 3924 fastigia
855 3871 958 3924 quoqne
971 3860 1125 3923 templorum
1142 3858 1209 3906 mira
1225 3870 1278 3906 coe·

156 3930 259 3981 Italiam
271 3935 390 3985 traduto.
422 3937 492 3989 Vide
503 3938 559 3987 Tit.
576 3939 632 3990 Lie.
649 3939 695 3989 eit.
736 3937 833 3999 latura,
845 3944 874 3986 et
884 3943 941 3985 arte
953 3936 1053 4000 serique
1063 3932 1187 3984 firmitate
1199 3931 1277 3982 certi.

155 4010 261 4059 asset
270 4023 328 4074 seq.
351 4012 450 4076 ‘1¹2st
460 4014 556 4079 inquit,
573 4016 696 4079 ‘gentem
735 4029 782 4062 ora
799 4028 871 4074 aueo,
890 4019 963 4062 certe
978 4009 1175 4062 innocentiora?
1207 4007 1276 4057 Vide

155 4084 266 4133 nuditer
273 4084 413 4138 dulcedine
420 4086 524 4152 frugum
532 4091 695 4157 maximeque
737 4091 793 4141 Sat.
805 4105 848 4141 ιιι.
862 4106 898 4140 vs.
909 4094 951 4140 2⁰.

155 4159 208 4208 vini
217 4169 350 4211 novatum
360 4164 494 4229 voluptate
502 4174 606 4231 captam
616 4168 696 4233 Alpes
769 4172 818 4217 ut
844 4168 891 4217 Illa
911 4166 975 4215 dorni
995 4171 1074 4226 aues,
1094 4164 1148 4227 ire]
1172 4162 1275 4233 biensis

158 4237 361 4301 transisse,’&e.
718 4244 839 4309 pridem
861 4242 960 4293 fiebant
982 4256 997 4290 e
1020 4239 1097 4303 lignis
1118 4237 1276 4303 vulgaribus,

164 4350 168 4357 .
185 4311 344 4382 Dirofflsisrn
354 4316 608 4385 Vatispersgerrtibes]
627 4321 700 4373 Pre-
737 4334 788 4371 uec
799 4333 815 4370 e
826 4318 893 4370 citro
912 4318 957 4367 vel
973 4329 1097 4381 cupresso
1108 4314 1186 4366 fecte
1197 4315 1274 4380 longe
