3084 4934
265 380 350 453 826>
618 396 726 445 uonn
749 395 953 445 rumonuu
977 394 1018 444 m

267 553 363 604 genere
374 540 539 619 concharum,
556 539 624 589 sicut
642 554 758 604 purpura
773 546 802 588 et
839 537 923 589 dictus
941 539 1081 590 aeonudmn
1102 539 1255 599 Varronem,
1274 545 1321 591 ent
1337 537 1368 589 ab

266 633 372 668 murex·
365 601 801 681 ,eiiisautcmpiscilrnseliciehn·
840 616 940 677 suibus,
956 615 1027 679 quod
1041 615 1237 666 eosoa'llbsri
1252 613 1368 674 terrenti

267 705 312 746 tur
320 699 403 762 liquor
411 696 452 744 ille
460 698 656 757 tampretrosns
662 695 695 744 nd
703 697 802 759 tungeu·
840 703 883 742 aut
895 709 910 743 a
922 708 983 758 roge
993 693 1139 756 Aventino,-
1149 694 1192 759 qni
1207 694 1244 743 ibi
1256 694 1370 756 sepultum

269 773 316 824 dns
329 784 422 825 vestes.
435 773 684 837 Idem—Conclusio]
693 773 801 821 Vestem
839 768 905 820 fuit:
922 780 967 822 eut
986 771 1020 822 ab
1040 771 1153 821 adventu
1176 772 1306 821 homiuum
1325 784 1370 821 scu

266 847 801 914 fucatam,ettogaserubesesudaefucmos
839 848 960 899 advectu.
994 848 1064 898 Nom
1073 848 1133 898 olim
1145 846 1283 912 paludibus
1299 860 1370 897 mons

266 929 386 979 habitus:
405 935 431 977 ct
444 928 531 976 Rom-n
542 932 610 988 togae
622 924 637 953 ¹*
648 925 802 974 erubescen·
839 925 880 974 lric
892 940 908 974 a
918 924 1024 990 reliquis
1036 925 1163 974 disclusus
1179 922 1240 974 fuit.
1258 923 1371 975 Brittan.

268 1005 316 1054 dus
328 1006 354 1054 iu
366 1005 490 1067 capitium
505 1018 644 1067 purpuram
656 1002 730 1066 qnasi
741 1015 801 1055 cou-
838 1003 954 1052 -Boccn
962 1001 1061 1065 Solium
1078 1002 1156 1053 Oliva
1163 1002 1189 1052 id
1196 1009 1238 1051 ent
1245 999 1371 1053 fructibus

263 1068 355 1146 'chylia
369 1082 480 1144 signent.
502 1081 554 1130 Vet.
566 1080 623 1128 Sela.
704 1124 707 1129 ,
840 1084 868 1127 et
879 1079 944 1128 cibis
956 1079 1064 1141 italicis,
1072 1086 1101 1128 ut
1112 1079 1147 1129 sit
1158 1079 1260 1143 species
1272 1092 1319 1140 pro
1331 1093 1372 1141 ge·

301 1163 333 1209 82
350 1160 394 1207 Me
399 1158 514 1222 peloride
520 1155 637 1219 signam]
648 1155 802 1220 Indignatur
840 1169 912 1217 nere,
928 1162 955 1205 et
964 1157 1107 1220 opponitur
1118 1156 1209 1221 prunis
1219 1161 1248 1204 et
1255 1154 1371 1205 coetonis

269 1235 394 1299 pessimos
405 1234 561 1296 adulatores,
575 1233 636 1282 viris
651 1233 724 1283 bonis
737 1247 802 1295 prae·
840 1233 919 1296 Syris.
952 1233 1041 1285 Sabini
1052 1233 1119 1283 euim
1131 1239 1160 1285 et
1174 1233 1293 1295 Romani,
1303 1246 1372 1282 eom·

265 1311 340 1376 ferri,
356 1313 382 1362 id
394 1319 443 1373 est,
460 1312 504 1361 ubi
515 1311 548 1361 nd
560 1317 741 1361 testamentum
756 1311 802 1359 olr-
840 1309 1189 1373 uruncluabuereimperium.
1201 1310 1302 1361 Britan.
1313 1309 1374 1358 For·

268 1389 432 1454 signandum,
451 1391 492 1438 vel
511 1390 575 1438 alios
595 1389 696 1437 tabulas
715 1388 802 1438 roeeti
839 1389 930 1440 mlius.
963 1390 999 1438 Et
1016 1388 1081 1437 dieti
1102 1388 1210 1437 llorneni
1229 1387 1372 1440 Quiriteaa

266 1465 402 1529 fuerimus,
410 1468 454 1515 ille
463 1474 586 1531 tauquam
594 1480 636 1514 me
644 1466 803 1527 honoratior,
840 1467 962 1530 Curibus,
974 1466 1127 1516 Sabinorum
1139 1466 1227 1528 opilo.

269 1547 341 1611 prior
352 1547 476 1611 signabit,
487 1556 515 1597 ot
524 1562 573 1611 ego
584 1556 705 1610 tanquam
716 1553 803 1608 poste·
872 1549 905 1593 86
923 1544 997 1604 Quid,
1007 1545 1067 1607 Μ
1077 1543 1203 1608 adunent]
1218 1541 1314 1605 Tangit
1319 1542 1373 1605 jam

271 1624 565 1687 rion.-Fadt1m,sstoro
581 1623 688 1685 unctiore]
704 1623 736 1671 Id
754 1630 803 1685 est,
839 1622 994 1672 Graecorum
1013 1619 1118 1683 fudam,
1136 1628 1165 1669 et
1179 1619 1282 1669 homine
1292 1619 1375 1682 indig-

270 1700 802 1765 ineonririistauquamdigniormilriprae·
840 1714 900 1751 nam
920 1698 1111 1749 adulationem:
1131 1698 1204 1763 qussi
1225 1698 1305 1760 dicat,
1324 1711 1374 1746 non

270 1775 364 1838 fertur,
376 1784 404 1826 et
415 1777 572 1826 honoratiori
588 1778 656 1835 loco,
672 1776 697 1824 in
714 1791 804 1839 supro
839 1777 922 1826 solum
948 1782 1009 1825 aunt
1031 1775 1375 1837 Grammatiei,Rl1etores'r

266 1862 313 1903 mo
331 1854 448 1904 culcitrae
466 1855 603 1904 triclinaris
621 1855 690 1916 loco,
706 1868 804 1903 recuru-
840 1854 1001 1915 Geometras,
1020 1867 1108 1903 verium
1127 1852 1207 1902 etiam
1227 1852 1374 1902 adulatores

269 1932 336 1981 iret?
369 1931 484 1980 Latinos
489 1930 663 1993 -utgnsotfl
701 1931 805 1995 Legunt
841 1931 918 1993 longe
934 1929 1094 1994 peritissimi.
1110 1929 1196 1979 Lotis
1215 1937 1243 1980 ot
1260 1930 1375 1981 adulato-

269 2009 373 2074 quidam
398 2009 506 2059 Cenabit
508 2009 676 2072 Q-Fuuus]
670 2025 686 2058 r.
705 2024 728 2058 e.
745 2010 805 2059 Sus·
842 2021 887 2056 rue
899 2007 963 2056 artis
972 2007 1121 2069 magisteria
1123 2008 1376 2073 -Qsad,qaud,trc.]

271 2093 389 2138 tentatus
404 2087 518 2151 pulvino,
537 2087 606 2152 qumi
623 2086 805 2150 apponebatur
840 2084 957 2134 Subaodi
968 2085 1039 2146 dioec,
1050 2100 1070 2134 si
1063 2085 1152 2134 eliud
1162 2086 1196 2135 de
1208 2086 1310 2136 Graecis
1322 2101 1376 2151 gra·

270 2164 348 2214 dorso
359 2165 543 2228 ipsius—Touo
559 2163 666 2225 meliore]
682 2161 700 2211 i.
712 2177 737 2211 e.
751 2162 805 2212 Au·
841 2161 900 2211 vius
911 2162 1044 2224 addidero,
1055 2164 1124 2227 quod
1135 2164 1193 2213 scil.
1204 2165 1253 2212 ore.

272 2241 320 2289 leis
332 2240 468 2289 ditioribus
480 2246 563 2289 strato
575 2248 604 2289 et
614 2241 700 2305 pluma
710 2240 805 2289 dolica·
875 2243 906 2288 87
928 2240 1023 2289 muru
1041 2253 1170 2288 ommonem
1186 2238 1288 2302 indocta]
1317 2239 1374 2288 Hoc

271 2318 339 2366 tiore
351 2315 430 2380 farto,
440 2324 470 2365 ut
479 2324 507 2366 et
516 2317 560 2381 qui
571 2325 613 2366 est
622 2308 713 2366 iuloco
724 2319 805 2379 magis
843 2331 905 2365 rere
922 2323 964 2365 ert
981 2314 1081 2379 nigrum
1097 2316 1124 2364 in
1141 2315 1253 2365 candida
1265 2321 1377 2377 uertere,

269 2394 412 2444 honorato:
430 2395 503 2444 locus
519 2401 606 2444 autem
622 2394 713 2444 melior
724 2403 752 2444 et
763 2397 806 2445 iro·
843 2390 1130 2455 utsupradictumest.
1163 2392 1199 2441 Et
1207 2391 1279 2456 qnod
1289 2406 1317 2441 se
1325 2404 1375 2439 uon

272 2472 439 2523 nestiorernt
454 2472 562 2523 medius.
842 2481 919 2532 posse
937 2468 1005 2517 dixit
1023 2467 1177 2531 Umbritius,
1195 2483 1256 2517 omn
1276 2467 1375 2533 inquitr

304 2553 336 2598 88
352 2548 472 2598 Advectos
483 2548 596 2612 Romam]
612 2548 644 2598 Id
654 2549 754 2614 est‚qni
764 2565 806 2600 ne·
842 2544 970 2593 ‘Mentiri
979 2544 1082 2594 nescio)
1104 2545 1180 2594 Idem.

271 2626 337 2674 nelis
354 2626 415 2674 olim
428 2641 459 2673 ex
471 2626 546 2688 Syrio
557 2626 664 2677 Romam
680 2627 806 2676 advectus
876 2625 909 2670 88
925 2623 961 2670 El
971 2623 1068 2684 mum
1078 2622 1179 2671 involidi
1189 2620 1285 2683 comum]
1309 2621 1375 2671 Pec-

271 2709 449 2762 est,unncnm
458 2702 806 2764 meminusvenuibusmne·
844 2708 929 2749 torosa
949 2699 1072 2763 repende
1094 2701 1203 2750 cervicis
1227 2701 1375 2749 ostentatio·

272 2779 417 2829 raniennve
435 2785 463 2827 et
478 2779 555 2842 plene
567 2779 625 2827 vilis
637 2781 738 2829 mercia.
773 2781 805 2830 Id
844 2777 876 2826 Id
894 2785 942 2840 est,
960 2778 1072 2841 aliquem
1090 2778 1200 2827 amicum
1218 2778 1263 2842 qui
1282 2778 1376 2829 coitura

273 2865 324 2920 est,
336 2857 380 2921 qui
393 2856 516 2906 oriundus
528 2865 568 2907 est
584 2873 616 2906 ex
629 2858 680 2907 iste
693 2861 807 2923 regione,
843 2855 982 2918 oblongum
994 2860 1022 2903 et
1033 2853 1173 2904 invalidum
1185 2854 1271 2914 hebet,
1280 2854 1322 2903 rel
1332 2853 1376 2918 qual

273 2948 304 2981 cx
322 2949 372 2998 qua
388 2935 420 2982 sd
438 2949 484 2982 nos
502 2933 671 2984 advehuntur·
681 2951 807 3000 pruna,-
843 2930 956 2981 imbellis
970 2938 1011 2980 est
1022 2939 1050 2980 et
1066 2931 1204 2993 inualidus,
1219 2932 1291 2981 illum
1309 2946 1377 2981 com·

275 3013 328 3067 Quo
336 3027 423 3075 pruno,
431 3016 454 3061 et
465 3012 570 3075 comma]
583 3012 615 3061 ld
628 3020 677 3077 est,
688 3029 739 3063 una
747 3029 805 3064 cum
843 3016 923 3072 parat
932 3023 991 3059 euna
1003 3007 1118 3058 Hercule
1129 3009 1317 3071 robustissimo,
1333 3009 1377 3074 qui

271 3089 403 3137 mercibus
414 3089 497 3154 Syriae
509 3090 616 3139 Romam
625 3091 692 3141 servi
704 3093 807 3140 venales
844 3083 967 3135 Antaeum
976 3091 1053 3134 terrie
1061 3084 1143 3134 filium
1152 3085 1303 3150 tuperabat·
1314 3086 1378 3136 Tun·

273 3165 387 3215 advecti.
421 3167 501 3215 Erant
517 3173 604 3217 antem
621 3176 730 3218 coctonn
741 3170 807 3233 Syro
844 3160 905 3211 sseb-
919 3173 957 3210 ¹¹·
968 3162 1152 3224 2³·-Imgtm
1162 3161 1258 3225 collum]
1278 3161 1377 3213 Prolixi

273 3244 383 3305 nomine,
395 3257 480 3306 parrae
489 3245 570 3308 Syriae
579 3243 643 3294 fiens
651 3245 808 3309 peculiares,
845 3238 915 3301 colli,
933 3239 1086 3303 plerumque
1106 3246 1167 3289 sunt
1185 3240 1376 3293 imbecilliores.

272 3326 301 3368 et
316 3322 387 3369 varie
404 3321 473 3384 opud
493 3329 595 3372 autores
616 3323 746 3385 scribitur,
762 3323 807 3372 alii
844 3314 931 3365 ludin·
973 3315 1137 3366 Infirmitatis
1159 3317 1264 3381 tignum
1283 3318 1377 3371 colina!

274 3398 479 3460 leguntcotlono.
506 3399 600 3449 Junins
616 3400 682 3449 dicit
692 3400 740 3449 hoe
750 3415 807 3449 esse
844 3392 1021 3456 ¹⁰¹13¹¹ffl⁰⁸⁸0
1041 3394 1109 3444 (ΜΗ
1130 3400 1271 3457 testastur>
1290 3394 1377 3459 <lulli

274 3473 440 3536 proverbium
453 3474 606 3536 probrosum
618 3475 644 3522 in
654 3475 808 3525 advenas-
845 3485 923 3534 quem
935 3471 1012 3519 talem
1019 3469 1142 3532 viderint,
1149 3471 1272 3523 continno
1283 3479 1378 3525 ronam

275 3547 370 3610 Pruna]
388 3548 454 3598 Qnae
463 3563 496 3597 ex
504 3551 634 3599 Damasco
643 3551 708 3600 urlre
717 3552 808 3615 Syrite,
844 3563 871 3596 ce
884 3549 964 3609 grand
977 3549 1013 3596 col
1028 3547 1129 3611 odoagd,
1146 3556 1174 3597 et
1190 3556 1322 3599 nostrates
1336 3557 1378 3599 eeu

273 3626 384 3690 primum
393 3626 500 3674 Romam
507 3625 616 3678 navibus
625 3627 807 3692 deportantur
844 3627 910 3687 lang·
910 3625 970 3675 tau.
972 3625 1142 3675 -ceretstuos
1158 3630 1236 3690 conat
1252 3624 1377 3688 fluum]

275 3704 350 3752 Idem·
845 3702 920 3751 Dicit
935 3702 1093 3755 imbecillum
1110 3700 1250 3791 fortissimo
1267 3703 1377 3754 Herculi

307 3783 339 3829 84
359 3779 436 3842 Usque
446 3780 503 3828 odeo
514 3777 574 3826 sitit
585 3780 631 3843 eet]
648 3777 808 3844 ’.Επιφόιημα
846 3779 964 3829 similem

271 3857 418 3918 Nilrilcrgo
430 3856 567 3920 uosjuvat,
583 3856 680 3906 nihilne
691 3864 807 3924 estprae-
878 3860 910 3906 89
927 3856 1051 3920 Arctoum]
1069 3859 1112 3906 De
1132 3870 1219 3921 pugna
1238 3856 1310 3907 inter
1327 3855 1379 3907 An

275 3935 408 3998 rogation,
419 3932 487 3997 quod
504 3931 593 3981 Romae
610 3934 664 3982 uati
675 3941 703 3984 et
715 3937 807 3987 urrtriti
845 3939 923 3983 iseum
936 3941 1012 3982 terrae
1030 3934 1121 3995 tilium,
1136 3940 1165 3984 et
1184 3934 1325 3984 Herculem
1339 3949 1378 3984 se·

273 4011 384 4060 fuimns?
402 4010 489 4058 nerem
500 4011 643 4059 Romanum
660 4013 807 4064 lrsusimns?
846 4010 957 4060 cundum
965 4010 1076 4059 laborem
1083 4017 1314 4074 consummantem,
1321 4012 1378 4060 vide

274 4089 494 4151 Fumat-Usque
509 4088 578 4151 odeo]
593 4090 635 4138 An
651 4091 677 4140 iu
690 4095 808 4143 tannim?
846 4088 979 4136 Lucanum
990 4088 1008 4136 1.
1020 4092 1045 4136 4.
1079 4088 1155 4138 Dicit
1165 4093 1253 4137 autem
1268 4090 1377 4152 proculi

307 4170 338 4215 8⁵
357 4165 615 4230 inminutionem.
643 4168 749 4218 Partem
762 4185 807 4233 po·
846 4163 928 4213 tellure
946 4163 1065 4212 terrentis:
1089 4165 1157 4213 Nam
1176 4162 1298 4226 Antaeus,
1319 4165 1379 4229 qnia

275 4242 314 4291 nit
326 4257 373 4306 pro
391 4249 456 4291 toto.
489 4239 636 4291 Aventinus
653 4244 722 4293 enim
742 4240 807 4295 uuus
847 4245 924 4289 terrae
943 4238 1011 4291 lilios
1033 4246 1099 4301 erat,
1118 4240 1145 4289 in
1164 4240 1236 4293 lueto
1254 4240 1302 4288 illa
1319 4253 1376 4289 oum

232 4353 236 4361 .
276 4324 358 4368 estex
369 4324 471 4383 septem
479 4317 551 4367 urbis
560 4318 805 4389 Rememontilrus:
847 4316 1377 4384 Hercule,quotieaterrammatrempedo
