3084 4934
237 374 304 450 iil
594 398 629 446 n.
650 392 754 447 tuno
775 395 991 449 ruvunsms

240 543 318 608 Hos
332 547 407 607 onte
421 542 545 624 effigies
562 540 727 624 majorum
744 555 833 622 pone
847 545 995 604 tuorum:

240 645 439 711 Praecodant
452 645 545 728 ipsas
559 644 609 709 illi
628 650 662 709 tn
677 642 820 707 Consule
832 644 954 725 virgus.

240 746 356 811 Prima
376 748 456 810 mihi
471 747 573 811 ddbes
583 746 688 811 'animi
701 747 799 810 bona.
845 744 987 809 Sanctus
1000 745 1127 821 baberi,

239 848 263 913 J
265 850 452 933 ustitiaeque
465 856 564 914 tenax
584 849 683 915 suciis
701 849 869 930 dictisque
883 849 1031 924 mereris,

239 948 399 1034 Agnosco
419 970 598 1037 procerum.
642 952 753 1028 Salve,
768 951 947 1028 Gaetrrlice,
961 970 1020 1013 seu
1040 954 1075 1014 tu

240 1149 385 1214 imaginibus
400 1169 496 1205 oronim
506 1160 611 1205 tuomum:
627 1156 677 1204 ltoec
691 1160 781 1219 proeeut
797 1154 858 1218 ipsis
873 1153 959 1214 uirgis,
975 1158 999 1201 te
1014 1152 1123 1200 Consule.
1157 1148 1245 1197 Priora
1259 1146 1346 1195 mestis

241 1223 377 1287 mento
384 1220 456 1285 ,debes
465 1221 532 1271 mibi.
565 1221 695 1286 Siquidem
707 1220 784 1269 uerbis
794 1226 817 1268 et
828 1219 959 1267 actionibus
977 1219 1068 1277 diguus
1083 1230 1107 1264 es
1117 1213 1234 1263 <estimari
1244 1212 1345 1275 optirnus

237 1280 397 1347 timetis
406 1285 629 1351 observantissimus,
638 1301 750 1348 cognosco
758 1281 865 1334 nobilem.
889 1284 949 1344 Arc,
960 1281 1084 1343 Goetudcc,
1094 1281 1143 1328 sice
1154 1277 1293 1339 tonitruus,
1304 1276 1346 1324 rol

703 1428 777 1450 uuo
780 1429 883 1449 omne

241 1541 361 1587 metrum.
388 1541 424 1588 uel
434 1541 579 1599 Drusus,oei
591 1542 677 1589 Cossus
687 1543 727 1588 lo.
762 1541 849 1588 Cossus
857 1542 964 1587 22.-22
980 1537 1078 1602 offensem
1090 1538 1195 1585 24.-23
1214 1533 1346 1581 Procedant

241 1604 440 1653 2141114148.
473 1605 540 1669 quod
553 1605 619 1655 alib.
630 1605 647 1654 l.
658 1605 768 1653 alienum
787 1606 837 1664 est',
857 1603 905 1652 etsi
923 1603 956 1651 de
976 1602 1075 1651 solenni
1095 1600 1234 1650 Consulum
1252 1612 1310 1661 pom
1331 1610 1347 1643 s

242 1664 387 1731 adhibetur,
400 1684 450 1733 qun
462 1669 544 1734 primo
555 1669 613 1719 initi
622 1670 789 1734 magistratus
801 1669 845 1717 die
857 1684 888 1717 ex
901 1666 998 1716 aedibus
1016 1667 1067 1715 suis
1087 1666 1114 1714 in
1135 1663 1291 1727 Capitolium
1321 1676 1347 1708 e·

241 1728 421 1795 docebuntur,
455 1735 525 1785 unde
552 1742 580 1785 et
606 1735 685 1784 dictae
712 1733 892 1798 processiones
921 1732 1112 1782 Cstbolicorum
1129 1727 1345 1778 Romanensium.

241 1793 305 1859 ΨΜ
321 1797 368 1860 'lm'
388 1803 495 1851 18.-26
513 1800 622 1851 Getuiire
639 1801 717 1864 vulgo
737 1801 806 1849 male
817 1798 950 1848 scribitur.
984 1798 1053 1847 Nam
1073 1796 1196 1845 Γαιτοῦλοι
1215 1792 1346 1852 dicuutur,

742 1944 850 1998 NorAE

242 2072 418 2125 eoPlutsrclr.
438 2076 463 2124 in
483 2077 539 2140 ojus
558 2077 619 2128 vita.
652 2077 774 2128 Aurelius
813 2078 906 2128 vicinis
927 2077 1041 2142 undique
1060 2074 1225 2138 perspicuam
1243 2071 1348 2133 seceris,

242 2146 335 2198 Victor
345 2149 379 2199 ds
390 2151 452 2201 viris
464 2153 616 2217 illustribus,
628 2158 677 2205 tic.
814 2162 844 2204 ut
852 2161 934 2204 testes
945 2154 1039 2204 sintilli
1047 2167 1157 2217 quonum
1166 2149 1243 2199 modo
1255 2149 1347 2211 vivum,

242 2270 248 2276 .
272 2225 372 2289 Cossus]
382 2226 465 2278 Aulus
474 2230 609 2281 Cornelius
617 2232 775 2282 Cossus'l'ri·
814 2234 879 2281 dtu:
899 2246 955 2296 qum
969 2236 1060 2280 narrat
1071 2227 1227 2278 Plutarchus
1241 2227 1267 2274 in
1284 2240 1349 2289 prae·

241 2299 326 2350 bnuus
335 2303 448 2352 Militum
455 2306 616 2357 Tolumnium
624 2308 774 2361 Veientium
813 2307 898 2371 ceptis
910 2308 1032 2371 politicis,
1044 2321 1095 2356 non
1105 2307 1183 2370 longe
1195 2305 1227 2354 ab
1239 2303 1324 2353 initio.

242 2391 330 2441 regem
341 2380 453 2442 gloriose
469 2381 546 2446 uicit,
556 2389 635 2450 utque
646 2384 775 2449 opimsde
848 2387 879 2435 22
896 2382 1015 2432 Hosuute
1025 2382 1123 2449 epium,
1138 2379 1192 2444 ξω]
1210 2379 1297 2429 Pluris
1314 2392 1348 2427 ae·

242 2467 274 2511 eo
291 2454 375 2519 spolia
393 2458 509 2509 secuuds
525 2461 621 2511 'retulit
647 2460 775 2512 Feretrio.
815 2461 892 2509 stitus
903 2460 999 2510 bouum
1012 2474 1079 2522 esse,
1096 2473 1172 2523 quam
1185 2455 1258 2505 bonis
1269 2451 1348 2503 fuisse

241 2530 294 2583 Tit.
314 2533 370 2582 Liv.
390 2547 429 2585 rr.
448 2538 489 2583 19.
523 2536 614 2586 Florus
631 2544 717 2586 autem
737 2551 775 2589 ιν.
815 2545 978 2603 prognatum.
1010 2539 1069 2601 Vel,
1088 2535 1226 2586 illustrium
1242 2546 1348 2582 avorum

243 2611 285 2657 12.
301 2607 453 2673 ‘Augustus
470 2610 574 2674 Cosa&
596 2612 691 2677 inquit,
707 2613 778 2665 ‘Go
816 2630 900 2666 mures
915 2616 1049 2666 considers
1063 2614 1145 2678 magis
1162 2617 1349 2678 qunmststuss

240 2684 311 2735 tulos
332 2687 434 2736 ecculm
455 2687 571 2751 Syrtium
600 2689 682 2739 Cosso
709 2689 778 2740 duce
817 2692 988 2757 etisusgines.

242 2764 413 2827 compescuit,
435 2765 505 2817 unde
525 2765 565 2816 illi
591 2766 717 2817 Gaetuliei
732 2781 777 2817 no-
849 2772 882 2818 22
902 2769 1041 2817 Procedant
1052 2768 1115 2831 ipsos
1125 2766 1172 2829 itii,
1180 2760 1233 2829 t5c.]
1250 2763 1350 2813 Probos

242 2837 322 2888 rnen.7
355 2841 399 2890 De
409 2841 457 2891 boc
467 2842 557 2908 itaque
568 2842 673 2894 ridetur
690 2844 777 2908 potius
817 2859 902 2894 mores
914 2842 1012 2909 praefer
1027 2858 1077 2893 uon
1097 2850 1198 2892 tuntum
1217 2842 1350 2906 praeclurae

243 2912 315 2978 loqui
334 2916 489 2980 Juvenum
515 2919 589 2969 sddit
609 2921 676 2973 enim
699 2935 776 2982 mox,
818 2921 920 2984 origini,
931 2920 977 2970 scd
987 2927 1015 2969 et
1026 2920 1131 2971 summis
1142 2916 1350 2982 Magistrstibus.

242 2988 346 3054 ‘Salvo
358 2993 507 3046 Gaetulice?
854 2994 955 3058 Virgo]
972 2995 1094 3045 Fascese
1110 2995 1189 3059 virgis
1206 3007 1238 3042 sc
1256 2992 1351 3042 secud-

275 3067 381 3131 Dm]
406 3069 480 3121 Idem
503 3071 593 3122 Florus
613 3064 696 3123 citato
717 3088 779 3124 mox
817 3068 1286 3139 1111101113111,,ΟοιιιιιΙιιπιίυοίςηίῃ
1299 3082 1352 3118 ms·

242 3142 312 3207 loco,
339 3144 376 3194 ait
397 3145 545 3212 Angustum
563 3147 632 3198 seros
655 3149 779 3214 quosdam
818 3151 964 3215 touymicus
983 3164 1031 3213 pro
1052 3149 1194 3200 Consulatu
1212 3153 1351 3212 ponuntur.

245 3226 336 3285 gentes
345 3237 392 3285 per
402 3225 540 3276 Claudium
554 3228 668 3277 Drinum
686 3227 780 3292 pririg-
818 3228 886 3278 Vide
894 3229 970 3291 plnrs
980 3228 1012 3276 dc
1023 3226 1062 3276 bis
1073 3227 1150 3276 Satin.
1162 3238 1189 3275 v.
1200 3224 1233 3274 sd
1246 3227 1351 3274 vs.110.

244 3310 565 3365 nnmsuumperpucssse,
582 3307 631 3355 &o
664 3302 702 3354 At
719 3306 780 3355 Sue·
851 3311 883 3355 24
900 3306 985 3355 Primo
997 3304 1146 3368 mitridates,
1162 3302 1216 3367 tro]
1231 3301 1259 3353 si
1276 3301 1351 3351 visa

244 3378 300 3424 ton.
317 3375 403 3427 riser.
419 3393 442 3429 e.
453 3382 477 3430 t.
493 3381 573 3443 magis
588 3380 620 3430 sti
639 3379 779 3444 remissit,
820 3396 861 3430 me
870 3381 961 3431 nobilis
972 3379 1195 3444 nuncupationis
1207 3378 1293 3427 omnis
1306 3376 1351 3425 sd,-

244 3450 292 3519 ubl
301 3452 348 3516 uit,
359 3453 474 3505 Drusum
485 3456 552 3505 duce
562 3457 675 3506 bostium
692 3458 780 3507 Druse
819 3473 904 3522 eoque
915 3464 976 3507 sute
998 3456 1065 3507 bonu
1087 3454 1203 3519 corperis
1219 3468 1252 3505 au
1270 3450 1352 3502 sortu-

247 3527 363 3581 cominus
385 3530 515 3582 trucidato
542 3532 591 3583 sibi
616 3535 780 3597 posterisque
819 3533 1165 3596 oae,mibidebesexbibere
1182 3530 1261 3580 animi
1277 3529 1353 3591 trous,

245 3604 299 3659 suis
323 3620 467 3668 cognomen
486 3607 630 3659 invenisse:
655 3609 730 3673 item,
745 3625 779 3660 ex
819 3611 930 3662 virtutes
941 3625 1045 3674 nempe,
1063 3607 1256 3670 fortitudinem,
1273 3605 1348 3670 justi·

246 3678 334 3733 Gellia
345 3682 484 3733 Provincia
494 3684 616 3735 retulisse
635 3701 724 3735 sursum
734 3688 781 3736 So-
819 3688 893 3750 tium,
905 3687 1080 3752 prudentiam,
1090 3689 1140 3737 &c

177 3794 180 3801 .
246 3757 357 3808 nonibus
373 3759 434 3809 olim
452 3759 480 3808 in
499 3761 633 3812 obsidione
656 3764 781 3826 Capitolii
852 3764 954 3813 &nctus
963 3763 1054 3824 bobert,
1070 3760 1123 3824 tyn]
1140 3761 1166 3811 Si
1181 3760 1291 3809 virtutes
1309 3759 1353 3808 bs·

246 3834 346 3886 dutum.
379 3836 438 3887 Nisi
449 3836 518 3888 forte
529 3839 617 3902 placet
632 3840 780 3904 intelligere
819 3839 917 3903 bueris,
926 3854 989 3889 sons
1002 3851 1088 3887 verum
1100 3835 1264 3887 nobilitatem
1280 3835 1308 3885 in
1325 3842 1352 3884 ts

246 3912 345 3964 Julium
355 3914 470 3964 Drusum
481 3915 622 3965 Tribunum
632 3917 730 3979 Plebis,
737 3933 781 3967 eo
818 3932 938 3981 agnosco.

243 3986 289 4052 jus
301 3988 371 4039 sedes
381 4005 441 4041 eum
452 3992 595 4043 vicinorum
602 3993 781 4045 oeulismultis
852 4001 885 4046 26
901 3995 981 4057 Sdce,
994 3992 1121 4056 Getulice]
1137 3992 1166 4041 Si
1177 3991 1273 4055 probus
1282 3997 1352 4051 es,te

247 4066 312 4117 locis
328 4075 457 4132 paterent,
476 4077 504 4118 et
521 4068 609 4133 opifex
620 4069 723 4134 quitiam
735 4086 780 4120 eus
820 4074 903 4123 soluto
920 4084 1082 4134 venerorque
1101 4068 1211 4133 perinde
1226 4065 1352 4129 nobilem,

248 4157 277 4193 se
287 4145 401 4209 quinque.
417 4146 574 4199 tsisutorum
590 4147 709 4198 mercede
725 4164 781 4198 mn·
821 4148 883 4198 ucsi
899 4146 969 4197 fores
989 4145 1150 4196 Gmtulorom
1162 4143 1275 4193 domitor
1292 4143 1353 4193 Cos·

246 4224 362 4271 teturuns
372 4223 523 4285 sponderet,
536 4224 633 4275 decem
644 4225 728 4289 dubo,
744 4227 782 4274 in·
822 4239 875 4286 sus,
886 4224 982 4288 dequo
992 4228 1069 4282 sut03
1087 4221 1247 4282 sutSilanus,
1255 4217 1354 4270 sutsli·
1434 4268 1437 4275 .

247 4296 307 4361 quit
316 4298 427 4364 Drusus,
440 4299 465 4349 si
482 4306 565 4354 totam
577 4300 681 4355 domum
699 4316 783 4353 mnam
821 4317 852 4351 ns
863 4300 946 4366 quiuis
955 4299 1049 4350 illustri
1060 4305 1135 4355 ustus
1150 4311 1255 4363 genere.
