3084 4934
249 382 320 461 518²
683 402 883 454 excursus

251 574 329 632 cere,
343 550 431 616 unde
444 548 650 617 commodam
664 551 858 614 senteutiam
881 540 1027 613 nonnisi
1041 547 1186 612 fidiculis
1197 547 1358 613 adhibitis

251 656 385 723 elicies:
409 675 486 738 quae
501 654 618 718 saltem
641 671 707 716 non
723 653 885 730 exoritur,
910 653 940 717 si
962 650 1084 738 virgam
1104 651 1145 715 de
1168 652 1360 728 lictoribus,

253 760 307 824 vel
320 760 467 843 praelatis
482 757 649 838 virgarum
671 755 831 834 fascibus,
854 761 887 820 et
912 757 1047 820 verbum
1070 742 1216 818 deducere
1240 755 1281 818 de
1304 755 1358 831 iis,

254 861 315 947 qui
329 860 429 951 officii
442 879 547 925 causa
566 859 778 942 magistratus
795 859 1045 937 comitabantur,
1061 858 1244 940 acceperis
1290 857 1359 921 De·

251 966 354 1049 nique
364 965 429 1028 hoc
442 982 540 1031 versu
553 961 660 1045 ejecto
669 960 753 1026 nihil
767 966 830 1039 est,
840 960 930 1044 quod
945 963 980 1025 in
992 961 1024 1027 h.
1039 961 1061 1025 1.
1076 960 1219 1042 amplius
1230 959 1359 1024 deside·

251 1087 324 1132 rare
360 1064 616 1151 possis—Olim
653 1064 786 1148 quidem
822 1065 995 1147 opinabar,
1031 1061 1243 1127 scribendum
1284 1080 1359 1125 esse

255 1166 408 1248 diducere,
424 1168 514 1253 quod
530 1167 655 1251 saepius
670 1185 745 1233 cum
760 1163 905 1228 dedu-ere
918 1164 1140 1242 confunditur,
1151 1168 1184 1228 et
1198 1165 1232 1228 in
1245 1164 1360 1227 varias

253 1277 366 1358 partes
380 1272 512 1350 ducere,
523 1290 690 1354 separare,
703 1269 881 1352 significat,
895 1270 967 1334 vel:
990 1265 1122 1330 multum
1137 1265 1282 1331 deducere
1296 1266 1361 1328 uir-

248 1378 322 1459 gu'm
346 1372 400 1462 (a)
421 1370 763 1457 Fanensis...magistria‚
778 1372 810 1437 h.
826 1393 857 1438 e.
874 1393 976 1456 genus
991 1393 1017 1436 s.
1033 1378 1171 1436 stemma
1182 1369 1358 1445 deducere,

252 1478 435 1563 demissum
448 1479 569 1542 habere
583 1479 626 1541 ab
638 1477 715 1540 illis.
760 1476 829 1541 Sed
842 1496 927 1567 nunc
941 1487 1059 1540 neutra
1079 1475 1164 1538 ratio
1185 1471 1264 1536 mihi
1279 1471 1360 1534 arri·

254 1580 321 1658 det,
337 1583 444 1648 etva
459 1581 587 1659 dubito,
604 1579 684 1663 quin
698 1585 790 1644 totus
803 1599 942 1658 versus,
957 1581 991 1644 in
1015 1598 1082 1662 quo
1096 1575 1241 1666 quodvia
1260 1592 1359 1657 paene

254 1684 393 1747 verbum
415 1689 466 1747 est
490 1701 644 1766 asperum
667 1700 708 1746 ac
733 1680 863 1760 durum,
883 1702 949 1747 non
971 1679 1195 1746 emendandus
1223 1677 1279 1754 sit,
1300 1673 1360 1738 sed

256 1785 475 1852 damnandus.

667 2009 946 2025 W

292 2255 295 2262 .
551 2154 1019 2263 ¹uxcuusus

654 2342 707 2393 ΑΙ)
724 2343 798 2395 8ΑΤ.
814 2343 894 2394 VIII.
905 2349 962 2399 117.

300 2493 549 2557 Drursurus
575 2511 619 2556 ex
647 2492 761 2558 10-12.
784 2495 895 2560 14-27.
917 2495 1031 2559 raab.
1053 2494 1166 2559 5469.
1180 2493 1295 2561 7174.
1306 2493 1361 2556 77.
1393 2481 1398 2492 '

257 2595 384 2661 restitui
396 2593 431 2660 h.
443 2595 467 2658 l.
483 2599 517 2659 et
530 2614 583 2659 vs.
606 2592 680 2661 151.
700 2603 735 2662 et
751 2597 827 2663 167.
848 2597 907 2663 ubi
921 2602 1016 2661 vetus
1038 2596 1151 2661 Schol.
1175 2600 1293 2673 monet,
1315 2595 1363 2659 ita

256 2698 323 2783 legi
335 2700 372 2763 iu
385 2699 460 2763 aliis
473 2698 573 2765 codd.
618 2699 654 2764 H
658 2721 708 2766 aec
723 2702 824 2767 lectio
837 2701 987 2767 firmatur
1010 2699 1156 2765 omnium
1175 2699 1243 2762 fere
1263 2698 1364 2763 libro-

256 2821 328 2866 rum
339 2803 548 2880 auctoritate,
563 2808 595 2866 et
608 2803 640 2868 h.
654 2803 676 2866 1.
692 2803 867 2886 aptissima
880 2809 943 2868 est.
988 2802 1085 2866 Ficto
1106 2802 1238 2866 nomine
1252 2798 1363 2882 desig-

257 2907 356 2969 natur
376 2905 427 2969 vir
449 2904 571 2969 nobilis
587 2910 621 2968 ot
635 2902 825 2986 ὃαμασίπος,
839 2906 982 2971 domitor
996 2924 1167 2990 equorum,
1183 2905 1242 2987 qui
1261 2903 1363 2985 vulgo

257 3007 390 3073 Graecis
406 3003 558 3088 ἱππόδαμος
579 3006 711 3075 dicitru.
756 3004 969 3092 Damasippus
983 3009 1083 3072 etiam
1101 3026 1285 3089 cognomen
1298 3005 1364 3069 suit

257 3101 399 3176 Liciniae
425 3111 539 3193 gentis,
554 3113 587 3173 et
599 3110 794 3175 notissimus
812 3110 953 3189 Praetor,
975 3111 1035 3194 qui
1052 3101 1245 3174 'Carbonem
1262 3108 1364 3173 inter·

255 3213 355 3293 feoit3
377 3211 427 3298 (v.
446 3211 562 3285 Vellei.
579 3228 620 3288 11.
639 3213 694 3278 26.
718 3221 752 3277 et
778 3211 849 3287 Cic.
873 3211 917 3276 ad
943 3212 1022 3276 Div.
1044 3228 1100 3276 lx.
1125 3212 1193 3292 21.)
1213 3231 1273 3275 nec
1295 3228 1364 3274 non

250 3314 353 3391 alius,
374 3315 433 3397 qui
444 3302 579 3387 ,statuas
589 3315 734 3392 amabat,
750 3312 793 3379 de
814 3335 882 3398 quc
895 3335 929 3379 v.
946 3314 1067 3381 Horat.
1089 3313 1160 3379 Sat.
1176 3330 1217 3377 11.
1232 3302 1267 3384 3.
1289 3309 1363 3375 Cic.

257 3418 301 3483 ad
315 3415 386 3489 Att.
404 3418 540 3485 xuaa.
555 3418 608 3483 33.
624 3417 714 3482 etad
728 3416 810 3485 Div-
828 3434 892 3481 vn.
907 3417 962 3482 23.
1283 3484 1285 3489 ,
1351 3484 1354 3489 ,

300 3515 477 3593 spreturus
500 3522 551 3586 70.
566 3523 620 3611 75.
635 3522 690 3587 76.
705 3519 759 3586 81.
781 3521 836 3595 82.
858 3526 891 3583 et
908 3520 939 3582 l.
953 3521 1012 3597 inf,
1027 3540 1079 3585 VS.
1093 3519 1169 3584 167.
1213 3518 1268 3584 lta
1278 3536 1364 3601 quo·
1464 3514 1465 3519 ¹

258 3642 323 3706 que
338 3624 539 3705 significatur
561 3625 701 3707 quilibet
720 3625 855 3702 nobilis,
882 3624 936 3689 vel
961 3642 1108 3689 summus
1129 3622 1362 3705 magistratus:

257 3714 325 3790 u'isi
343 3745 379 3793 re
406 3745 486 3791 vera
514 3727 604 3798 talis⁴
619 3727 700 3797 olim
729 3726 912 3797 Lateranus
933 3728 1030 3792 vixit.
1076 3726 1128 3791 Ex
1151 3726 1214 3793 bac
1236 3723 1365 3817 familia

257 3827 464 3898 clnrlssimus
499 3828 563 3904 suit
606 3827 761 3897 Plautius
788 3829 984 3907 Lateranus,
1019 3827 1211 3894 Messalinae
1235 3827 1365 3900 adulter

258 3937 292 4011 ct
306 3929 435 3997 Consul
459 3931 647 4015 designatus
670 3952 701 3997 a.
728 3932 774 3999 U.
789 3932 829 3996 C.
846 3949 1030 4008 ucooxrx,
1051 3932 1175 4016 quoin
1195 3929 1362 3997 Neronem

259 4034 445 4120 conjuravit
458 4039 493 4101 et
506 4037 637 4103 occisus
651 4041 724 4102 est:
746 4056 779 4101 v.
793 4037 878 4107 Tac.
893 4035 982 4102 Ann.
999 4036 1123 4107 x1.,30.
1133 4034 1187 4099 36.
1212 4031 1364 4097 1111111.

261 4153 327 4202 xv.
341 4137 394 4203 49.
409 4139 463 4203 60.
509 4135 741 4203 Lateranorum
757 4139 886 4225 egregirr
905 4139 992 4217 cedes,
1016 4158 1156 4228 quarum
1178 4136 1303 4201 mentio
1322 4133 1366 4202 ,fit

258 4240 318 4306 inf.
341 4256 382 4306 x.
398 4242 452 4307 17.
467 4241 540 4311 sitae
555 4243 591 4308 in
603 4240 713 4310 Coelio
735 4252 857 4325 monte,
879 4263 947 4327 quo
967 4244 1047 4309 loco
1067 4238 1186 4309 deiude
1212 4242 1366 4305 extructa
