3084 4934
201 363 208 382 ⁸
262 389 335 470 '712
635 422 671 469 n.
694 417 799 469 runn
821 420 1036 475 ruvnnrcrs

266 566 406 632 Sorbere
421 572 495 633 ante
507 566 616 633 cibum
631 569 721 653 quod
735 569 856 634 debeat
869 576 903 635 et
915 576 1009 654 pater
1023 578 1056 637 et
1069 592 1139 637 rex.
1238 555 1241 562 ἢ
1302 567 1369 639 255

264 668 416 734 Monstro
428 671 631 755 voluptatem
645 673 821 755 egregiam,
837 675 892 737 cui
902 674 995 739 nulla
1008 675 1146 753 theatra,

268 771 369 836 Nulla
387 794 521 856 aequare
534 795 638 864 queas
652 775 814 840 Praetoris
828 778 958 861 pulpita
970 779 1063 857 lauti,

266 874 304 939 Si
320 884 462 960 spectes
479 883 601 960 quanto
616 881 736 962 capitis
751 881 940 945 discrimine
956 889 1106 947 constent

264 976 470 1044 Incrementa
483 981 729 1059 domus-aerata
743 984 866 1048 multus
880 984 915 1046 in
930 1004 1010 1048 area

264 1079 395 1161 Fiscus,
411 1088 445 1147 et
458 1083 501 1147 ad
514 1084 646 1164 vigilem
659 1085 804 1169 ponendi
817 1086 956 1152 Castora
968 1087 1108 1163 nummi,
1302 1082 1371 1147 260

186 1228 191 1239 ·
263 1182 320 1250 Ex
335 1205 402 1267 quo
418 1186 512 1250 Mars
527 1187 622 1251 Ultor
635 1190 762 1272 galeam
777 1210 908 1273 quoque
923 1190 1078 1274 perdidit,
1093 1196 1127 1253 et
1143 1207 1196 1252 res

265 1285 345 1354 Non
358 1291 466 1373 potuit
481 1310 613 1356 servare
627 1312 715 1357 suas.
760 1292 848 1376 Ergo
864 1294 975 1358 omnia
991 1293 1100 1358 Florae

264 1389 310 1456 Et
324 1390 452 1457 Cereris
465 1395 553 1473 licet,
568 1400 602 1460 et
617 1394 760 1480 Cybeles
776 1398 884 1464 audace
898 1397 1084 1480 relinquas:

264 1605 370 1665 opertam
387 1604 424 1652 oei
433 1619 449 1652 u
457 1608 528 1666 putre
538 1607 574 1654 vel
588 1621 604 1654 5
614 1620 678 1667 rege.
698 1608 801 1656 odiendo
810 1612 927 1670 praestdns
933 1605 1136 1669 oblectamentum,
1143 1604 1181 1654 eui
1192 1603 1288 1675 theatra
1294 1601 1374 1662 115115,

263 1667 426 1730 nudaprdpito
433 1670 548 1718 Pretorio
555 1671 677 1736 magnifici
683 1673 758 1734 possis
765 1672 937 1735 compomre,si
947 1672 1078 1721 considera
1086 1686 1158 1734 quum
1168 1684 1254 1730 magno
1264 1670 1322 1715 ortoe
1332 1680 1373 1728 pe·

264 1732 339 1780 riculo
347 1736 397 1780 stat
401 1732 506 1794 familia
512 1736 672 1801 amplificatio,
679 1739 784 1786 55551155
790 1740 907 1801 plurimus
914 1737 940 1786 in
948 1751 1017 1800 capso
1023 1751 1069 1785 oere
1078 1736 1177 1798 munito,
1185 1740 1209 1783 et
1214 1732 1315 1809 pecunia
1325 1731 1373 1778 cal·

163 1801 166 1804 '
264 1798 361 1846 15555115
369 1800 430 1861 uprrd
441 1799 540 1848 Castum
550 1803 676 1863 5551511551,
687 1817 717 1850 en
725 1818 770 1865 quo
784 1804 853 1851 Mors
867 1803 960 1852 Vindex
968 1803 1080 1850 cassidem
1091 1800 1162 1849 etiam
1173 1802 1263 1855 amad,
1273 1809 1373 1857 5151511

264 1876 303 1911 res
317 1863 381 1911 tueri
391 1865 504 1927 nequivit.
537 1866 621 1929 ltaque
631 1867 740 1915 dimittas
749 1867 805 1916 iicet
816 1873 900 1917 cuncto
912 1868 991 1917 flora
1012 1865 1149 1929 cererisque
1168 1871 1192 1915 et
1206 1863 1300 1926 Cybela
1308 1859 1374 1932 purif

640 2027 644 2036 ,
729 2009 909 2031 menneo

265 2112 313 2159 255
330 2115 373 2159 dat
381 2114 452 2173 puter
461 2116 503 2160 unt
513 2125 558 2159 rex
568 2114 609 2160 lt).
622 2115 662 2159 11.
675 2113 756 2160 15-20.
768 2113 852 2158 24-27.
864 2114 948 2159 45-59.
960 2109 1276 2160 54·69.71-74.-255197
1293 2103 1374 2167 ejecti

258 2187 283 2222 ·e
295 2177 335 2224 13.
367 2175 408 2237 qni
420 2180 462 2226 71.
473 2180 513 2225 72.
524 2180 645 2225 'ib-257
662 2180 731 2239 queat
752 2178 793 2224 15.
811 2178 935 2223 (ra—258
951 2179 1042 2238 spectas
1061 2177 1103 2222 18.
1121 2175 1162 2221 13.
1182 2174 1222 2219 25.
1234 2173 1373 2219 114555.

266 2242 350 2289 54-19.
361 2244 446 2291 71-71.
478 2244 637 2292 5551115171.
648 2243 690 2291 2⁵.
709 2244 751 2291 27.
768 2244 853 2290 4559.
872 2243 957 2291 5459.
976 2235 1374 2290 1111-1595511555-151

769 2371 877 2423 NOTAE

258 2491 276 2522 ·'
297 2489 345 2535 155
364 2485 499 2536 Poterant
516 2484 572 2548 rex]
607 2487 727 2551 Uterque
749 2487 799 2537 sibi
839 2487 896 2538 aede
907 2487 1001 2538 Martis
1010 2483 1125 2536 Ultoris!

264 2569 391 2625 metuens,
403 2570 479 2628 pater
498 2580 513 2614 a
531 2579 643 2630 nequam
661 2564 730 2630 tiliis,
740 2567 798 2615 Rex
873 2566 974 2616 Galeam
984 2581 1073 2630 quoque
1089 2561 1207 2629 perdidit]
1231 2560 1310 2610 Hane
1324 2557 1376 2608 sei·

265 2640 398 2707 aperfidis
408 2640 530 2691 subditis.
838 2642 903 2693 licet
913 2642 1056 2692 inauratam
1067 2640 1139 2693 15155
1151 2639 1282 2688 abrasere.

260 2777 264 2782 ⁵
298 2722 348 2768 955
364 2719 694 2784 Macedonumque]
710 2721 799 2771 Sime-
871 2715 1299 2786 adaliesaonpstaitsernaremas]
1316 2716 1375 2765 Sar·

263 2793 325 2845 'cum
336 2794 374 2845 vis
382 2794 529 2858 attendere,
539 2797 686 2847 monstrabo
697 2797 745 2846 tibi
756 2813 801 2847 cu·
839 2815 938 2850 casurus
950 2800 977 2849 in
987 2799 1068 2850 Deos.

266 2887 308 2923 raa
329 2879 357 2922 et
374 2873 477 2922 labores
496 2888 642 2937 avarorum,
660 2889 800 2941 equorum
873 2878 940 2939 Ergo
960 2879 1038 2927 omniu
1060 2878 1148 2940 Ftoroe,
1166 2877 1219 2940 55]
1245 2872 1376 2938 Relinque

265 2950 487 3014 contemplatione
498 2945 554 3013 plus
565 2952 707 3015 voluptatis
716 2958 744 3001 et
755 2952 801 3001 ob·
840 2969 903 3018 ergo
923 2955 1043 3005 ludorum
1060 2954 1251 3005 oblectamenta
1271 2957 1377 3015 sponte,

265 3028 418 3079 laetamenti
429 3029 525 3092 capias,
537 3043 614 3092 quarn
633 3044 648 3078 e
664 3028 730 3078 ludis
746 3043 802 3078 see·
841 3038 871 3082 ut
881 3032 973 3097 majori
983 3033 1120 3098 voluptate
1128 3030 1223 3080 fruaris
1233 3026 1377 3093 spectando

265 3105 340 3157 nicia.
841 3124 974 3160 avarorum
985 3112 1139 3181 cruciatus.-

300 3187 348 3235 957
368 3184 483 3233 Proetoris
500 3183 606 3249 pulpito]
628 3183 697 3233 Vide
706 3185 760 3233 Sat.
772 3196 801 3234 x.
875 3187 968 3250 Flore]
1006 3187 1120 3237 Dimitte
1151 3183 1274 3234 Floralia.
1305 3180 1376 3231 Vide

267 3275 308 3312 rs.
319 3266 361 3312 15.
842 3263 916 3314 Pers.
928 3266 984 3315 Sat.
995 3279 1023 3315 v.
1035 3280 1074 3316 va.
1085 3268 1143 3315 178.

299 3341 349 3386 259
365 3338 513 3388 Immerito
531 3337 624 3402 555115]
649 3339 803 3403 Locupieta-
874 3344 923 3390 268
934 3340 1041 3403 Geraia]
1052 3340 1138 3390 Ludos
1150 3337 1280 3389 Cereales.
1291 3332 1377 3385 Tacit.

266 3413 316 3478 tio,
327 3430 404 3479 opum
418 3416 541 3467 accessio.
842 3415 937 3466 Annal.
950 3421 990 3469 15.
1001 3416 1034 3467 ad
1045 3415 1133 3478 finem,
1140 3413 1230 3464 scribit
1240 3407 1377 3461 decretoria

260 3503 263 3508 '
299 3489 401 3540 259111
409 3490 507 3553 eigilem
515 3492 617 3555 5555551·
626 3493 726 3542 Castora
736 3507 803 3542 num·
841 3506 908 3556 esse,
918 3499 949 3542 ut
966 3492 1128 3544 Circensium
1148 3490 1291 3542 Cerealium
1311 3483 1380 3537 ludi·

266 3566 313 3631 511]
329 3566 444 3631 Nummi,
454 3582 518 3632 quos
528 3567 623 3618 divites
634 3569 804 3634 deponebant
842 3585 914 3620 crum
927 3570 1041 3635 pluribus
1061 3585 1186 3635 equorum
1197 3567 1315 3617 cursibus
1335 3579 1378 3616 ee·

267 3644 297 3696 111
319 3645 432 3710 templis,
459 3646 506 3695 sub
538 3647 680 3696 Nominum
708 3649 801 3698 tutela.
841 3647 995 3698 lebraretur.
1019 3645 1181 3696 51111551.
1202 3658 1242 3694 rv.
1264 3642 1378 3692 ‘Circus

259 3720 583 3773 715511511115551155.
595 3736 632 3772 rv.
645 3726 685 3773 17.
816 3722 819 3726 ’
842 3725 892 3774 erit
903 3738 999 3789 pompa
1019 3723 1126 3773 celeber
1138 3729 1295 3786 numeroque
1307 3719 1379 3769 Deo·

301 3801 349 3849 2111
367 3795 411 3848 iia
421 3812 466 3865 quo
477 3797 622 3864 1151515]
639 3797 726 3849 Antea
744 3799 801 3863 qui·
841 3816 907 3863 rmn,
926 3801 1066 3865 Primaque
1081 3799 1196 3849 ventosis
1210 3800 1294 3862 palma
1305 3802 1380 3860 pete·

267 3875 328 3928 dem
349 3874 468 3926 solebant
486 3876 622 3927 messuros
641 3877 754 3927 condere
775 3878 803 3930 in
844 3883 888 3926 tar
900 3877 993 3941 equis.'
1009 3877 1080 3927 Hinc
1092 3875 1196 3926 Cereris
1206 3873 1269 3924 ludi.

268 3950 327 4003 1555
337 3952 442 4016 Μ51115,
452 3951 498 4002 sed
508 3966 541 4002 ex
553 3968 605 4017 quo
617 3951 654 4003 ilii
669 3969 686 4004 5
702 3953 802 4005 furibus
876 3954 985 4019 Cybeles]
1008 3954 1160 4018 Megalesia.
1183 3952 1251 4002 Vide
1270 3950 1326 4000 Sat.
1336 3963 1376 3998 rr.

268 4028 378 4094 expilati
388 4034 456 4091 sunt,
466 4029 493 4078 in
503 4028 569 4079 AEde
585 4030 700 4080 Castoris
711 4045 802 4094 posae-
841 4046 881 4082 rs.
897 4035 937 4082 59.
957 4031 1000 4081 De
1012 4030 1122 4097 Cybele,
1139 4030 1195 4080 851.
1213 4041 1245 4079 11.
1260 4042 1298 4076 15.
1318 4030 1377 4076 111.

268 4119 308 4173 re,
318 4108 491 4176 excubiasque
503 4107 637 4159 addidere.
841 4111 892 4160 dcc.
1178 4173 1180 4176 ι

301 4183 373 4233 Mors
392 4184 473 4248 Ultor]
501 4184 607 4235 8551511.
629 4183 698 4249 Aug.
718 4201 743 4235 c.
760 4191 802 4239 29.
876 4184 975 4250 dalea]
1003 4184 1168 4237 ominans
1185 4192 1276 4240 eoenn.
1307 4177 1380 4232 Vide

269 4259 404 4312 ‘Publica
421 4275 502 4326 opers
519 4262 631 4327 plurima
647 4263 803 4328 5555115511,
843 4261 899 4313 Sat.
909 4274 998 4314 rurs
1009 4263 1052 4313 57.

269 4333 408 4404 exquiro
418 4339 461 4390 151
479 4338 622 4408 praecipua,
639 4338 725 4405 foruna
743 4347 803 4392 cnm
