3084 4934
226 390 313 465 “m
705 402 916 465 mmm

249 558 340 625 laets.
351 557 412 623 vit.
425 550 583 643 Apollon
591 546 650 619 51v.
675 559 710 620 et
735 552 889 621 Hestiai.
901 571 952 620 ιν.
965 553 1357 640 baama-poppysma

251 658 593 746 FlavinsConjectan.
608 677 639 723 c.
651 657 708 722 51.
725 657 785 722 sbi
803 655 915 735 docet,
936 655 1040 721 verbs
1049 644 1218 740 poppysma
1232 673 1263 720 s.
1275 654 1358 720 sibi·

247 764 328 842 lnm,
341 769 375 829 et
388 760 546 826 lubricam
558 761 646 826 dere
656 754 819 826 obscoena
832 759 992 836 adbiberi,
1008 762 1043 823 et
1058 756 1162 821 οώια
1182 754 1357 826 Lucam

251 887 328 934 esse
348 872 591 952 praeposteram
613 864 788 940 Venerem,
814 862 973 946 quoniam
1001 860 1186 945 Spartanos
1212 861 1357 945 primum

251 970 295 1036 ad
308 970 500 1036 athleticam
513 969 658 1034 nudasse
672 984 827 1052 corpora,
839 964 968 1029 etinde
992 962 1163 1029 libidinem
1185 963 1221 1027 in
1234 981 1357 1046 pueros

252 1074 430 1152 exarsisse,
444 1071 573 1138 tradant
593 1069 742 1155 'llrncyd
765 1073 803 1132 et
825 1065 1138 1150 Cicero-Lipsius
1160 1066 1185 1132 l.
1212 1066 1237 1131 l.
1261 1065 1357 1143 dicit,
1445 1120 1454 1137 .

244 1174 329 1241 -Jacr
355 1175 491 1241 Susium
513 1175 672 1252 suasisse,
694 1178 733 1238 ut
748 1182 822 1256 ,pro
848 1163 951 1233 orbem
973 1169 1223 1235 substitueretur
1237 1166 1357 1246 orbant,

253 1278 286 1343 ln.
300 1297 331 1343 e.
346 1295 460 1342 senem
471 1278 601 1355 orbum,
615 1275 750 1340 divitem
777 1292 820 1338 ac
839 1271 978 1350 fredum,
997 1272 1056 1356 qui
1074 1272 1191 1337 rascio
1205 1270 1285 1356 qmd
1297 1270 1358 1335 ob·

254 1380 362 1447 neceni
380 1379 499 1447 fecerit
515 1379 572 1446 vel
592 1379 705 1464 potius
724 1394 850 1462 passus
871 1371 1077 1440 sit-erlem
1099 1371 1355 1458 regiminae:

252 1485 376 1572 inepte.
700 1492 705 1501 ’

670 1712 957 1737 -a—-nu—-dn
976 1710 980 1717 “

598 1938 1022 2020 EXCURSUS

664 2122 951 2212 mmmm

305 2314 421 2386 Praeda
436 2313 628 2382 caballorum
646 2311 772 2379 Prator
786 2318 908 2403 legitur
932 2316 968 2384 in
982 2312 1081 2385 1.11.
1103 2321 1158 2386 14.
1173 2312 1225 2388 16.
1239 2321 1292 2388 48.
1307 2313 1365 2388 501

261 2426 315 2493 56.
342 2424 397 2490 70.
422 2421 535 2488 7477.
557 2423 595 2484 'et
615 2423 684 2482 am
706 2421 848 2504 copiose
867 2440 967 2508 quam
991 2422 1118 2489 erudite
1136 2420 1319 2490 defenditur
1340 2443 1388 2490 a*

260 2527 413 2595 Gronov.
439 2522 539 2588 Obss.
561 2537 614 2585 ιν.
637 2521 692 2586 24.
713 2524 771 2588 nbi
795 2529 921 2605 monet,
942 2527 1065 2591 acerbo
1089 2526 1161 2591 salo
1188 2514 1364 2611 perstringi

260 2627 491 2704 munerarium,
514 2625 574 2709 qui
597 2624 676 2688 dum
695 2624 929 2711 triumphantis
952 2628 1018 2692 ritu
1036 2627 1219 2714 habituque
1243 2630 1364 2713 praesia

262 2731 341 2796 dest
362 2728 590 2808 Circensibus,
611 2740 769 2810 magnum
792 2748 830 2794 se
844 2730 953 2797 virum
965 2735 1071 2814 putet,
1084 2742 1161 2797 cum
1174 2750 1210 2795 re
1222 2750 1303 2797 vcra
1318 2732 1365 2797 sit

262 2828 456 2900 caballorum
469 2827 585 2914 prada,
599 2828 633 2893 h.
655 2850 685 2895 e.
707 2831 850 2914 prodiga
862 2832 921 2897 illa
939 2833 1094 2917 impensa
1116 2833 1151 2897 in
1164 2826 1262 2918 'equis
1274 2833 1366 2900 wis

261 2936 376 3022 gisqne
399 2930 537 3011 alendis,
555 2931 760 3010 exercendis,-
787 2933 1020 3015 producendis,
1038 2936 1232 3002 comedatur
1254 2936 1365 3015 miser,¹

263 3037 496 3124 patrimonium
513 3035 689 3100 exhauriat
702 3036 764 3099 sub
779 3053 868 3100 vana
881 3038 995 3121 specie
1009 3038 1154 3117 lionoris,
1168 3044 1202 3104 et
1215 3029 1364 3105 intereat.

263 3138 316 3207 Cf.
331 3160 407 3226 snp.
423 3157 449 3203 r.
464 3138 518 3204 59.
532 3128 586 3204 bi).
600 3137 694 3221 nipe
717 3136 761 3201 ad
784 3138 871 3203 Tac.
897 3138 986 3205 Ann.
1014 3156 1039 3206 1.
1055 3142 1109 3206 15.
1132 3147 1166 3206 et
1188 3140 1307 3205 Heius.
1321 3139 1367 3206 sd

263 3242 436 3311 Claudian.
449 3241 610 3306 Fescenn.
623 3257 676 3304 vs.
686 3240 738 3307 11.
776 3241 955 3323 Ingeniosa
962 3244 1115 3327 profecto
1126 3243 1368 3328 interpretatio,

264 3366 341 3431 quae
356 3351 466 3410 tamen
483 3344 584 3429 paulo
606 3343 853 3427 longinspetita
873 3344 980 3410 videri
1000 3347 1118 3430 possit.
1164 3345 1257 3411 Male
1271 3351 1367 3410 vetas

265 3446 378 3513 Schol.
423 3452 434 3481 ‘
452 3443 567 3508 Prada
577 3444 780 3526 caballorum,
791 3460 928 3531 pompa.
949 3458 952 3467 ’
973 3446 1142 3526 Quonim
1155 3447 1371 3517 Circensibus

184 3558 192 3568 ¹
264 3551 343 3628 illis,
359 3568 444 3635 quos
465 3548 632 3614 Praetores
651 3549 763 3628 edunt,
784 3567 871 3613 unus
894 3553 948 3615 'est
968 3550 1106 3629 missus,
1130 3553 1191 3637 qui
1209 3548 1369 3617 ordenrisr

265 3650 348 3739 (non
358 3649 550 3734 ordinarius)
560 3651 695 3732 dicitur}
710 3650 787 3716 ideo
795 3648 902 3736 prada
910 3650 1116 3732 caballorum,
1130 3655 1211 3739 quia
1223 3651 1369 3718 hordeum

266 3775 329 3841 pro
343 3754 401 3818 illo
416 3755 468 3818 die
483 3757 608 3838 aurigae
622 3754 739 3818 tollunt
757 3772 938 3838 equornm3
969 3762 1027 3851 aut
1046 3756 1123 3822 ideo
1141 3755 1250 3843 prada
1269 3757 1369 3836 dixit,

262 3859 426 3942 ‘qnoniam
436 3858 529 3921 multi
549 3859 625 3941 equi
650 3857 882 3939 frangebantur
897 3857 1019 3924 iisdem
1038 3858 1272 3928 Circensibus!
1314 3858 1368 3925 Cfa

269 3961 432 4027 Savaron.
446 3960 490 4025 ad
506 3958 694 4044 Apollinar.
708 3980 743 4043 p.
764 3958 1002 4025 dode-Prode
1026 3962 1218 4026 caballorum
1244 3959 1371 4026 Pralcr

268 4063 425 4129 exhibent
445 4064 499 4128 10.
512 4063 565 4128 12.
581 4050 757 4128 1517-27.
769 4063 885 4129 45-47.
908 4065 964 4130 49.
987 4066 1041 4131 54.
1056 4067 1109 4133 55.
1131 4057 1370 4133 &dail-78·

269 4169 365 4252 prob.
380 4165 477 4232 Grct.
492 4166 535 4231 ad
550 4164 724 4250 Capellam
738 4185 775 4248 p.
790 4166 865 4231 lar.
898 4166 1071 4248 Nonnulli,
1087 4191 1121 4250 r.
1141 4189 1173 4236 ο.
1199 4167 1312 4237 schol.
1335 4168 1371 4232 in

271 4269 345 4336 cod.
355 4267 465 4352 lunii,
475 4268 658 4336 Praetorem
679 4268 728 4335 ita
751 4268 820 4336 dici
842 4274 1108 4360 putantpropter
1119 4270 1371 4359 eqncseblms·
