3084 4934
274 374 341 444 802
634 391 742 442 noun
767 390 970 444 naumann
994 390 1035 449 ru

267 550 346 602 geru
380 536 463 586 Flarli
474 536 593 601 conjeci.
606 550 631 586 c.
642 540 684 586 tlss.
847 538 939 603 polita,
955 548 986 588 ot
999 536 1246 604 iibemutapexis,
1260 552 1321 609 quac
1336 536 1385 588 ril-

304 629 340 676 94
356 624 408 675 Am
423 624 469 675 obl.
487 625 540 689 tro]
559 625 716 690 Hypallage.
749 625 811 675 Noa
847 620 981 671 losamnt.
1012 621 1134 670 Colorem
1145 626 1233 669 antem
1243 619 1383 668 coernleum

273 702 343 751 euim
363 716 424 751 acus
444 702 559 769 obliqua,
578 703 625 752 sed
643 701 810 767 supercilium
846 695 1039 760 etgalbaneam
1050 694 1384 760 tangitquouuterquoslt

273 778 417 842 obliquum.
458 781 523 828 Sunt
540 781 584 844 qui
608 781 649 829 uc¹
661 779 810 829 calamistro
846 772 993 833 mulierum,
1008 787 1058 821 uon
1075 772 1197 821 virorum.
1230 771 1382 821 Galbanum

272 855 430 919 inelligant
470 855 522 905 lilii
540 857 574 906 de
592 855 684 906 crinali
705 870 763 920 acu,
782 862 811 905 et
846 852 920 903 color
944 859 985 902 cst
1010 853 1105 916 χλῦρος
1130 849 1253 900 herbacei
1277 847 1382 898 coloris.

273 940 397 990 volsellis.
430 940 499 990 Ptol.
518 940 589 989 Flav.
605 939 673 1004 conj.
691 953 715 989 c.
735 942 811 989 67.-
848 928 1113 993 (ἕψω-[9919999]
1136 928 1301 995 Vestimenta
1325 927 1382 991 plui·

276 1016 421 1082 memores]
456 1017 621 1067 Naturaliter
640 1015 671 1068 sm
690 1022 719 1064 nt
741 1015 811 1065 oculi
846 1008 1103 1071 rimasscutulamra
1128 1005 1225 1057 formas
1251 1004 1384 1067 habentia,

273 1099 397 1155 tremant,
409 1093 494 1158 siquid
505 1094 612 1158 propius
624 1093 661 1143 eis
672 1093 810 1142 admovea-
846 1088 936 1152 quales
947 1094 1090 1136 cernantur
1105 1086 1132 1135 in
1146 1099 1297 1135 aranearum
1315 1082 1383 1133 telis·

272 1176 326 1220 tur.
357 1169 408 1218 Vel
421 1175 557 1231 trementes,
572 1176 665 1233 patos,
682 1169 811 1234 palpitan·
846 1164 1140 1228 Fortunatiano—Galbina]
1155 1162 1208 1213 Ubi
1223 1158 1383 1224 garmanos

272 1252 324 1309 tes,
336 1247 453 1310 lascivos,
464 1255 495 1297 ut
505 1254 658 1297 scortorum.
691 1247 734 1296 Sic
749 1245 810 1295 alibi
845 1243 1009 1307 dialogitnr:
1026 1242 1072 1291 sed
1083 1256 1134 1291 non
1147 1240 1229 1304 magis
1243 1236 1382 1303 galbanum

272 1323 348 1388 uicit,
367 1324 537 1390 ‘oculosque
549 1326 575 1373 iu
586 1324 638 1374 line
652 1325 811 1374 trementes!
846 1335 895 1386 pro
911 1321 1003 1384 galbeo
1016 1320 1062 1368 «vol
1080 1318 1183 1382 galbino
1203 1316 1256 1366 dici
1276 1321 1385 1380 poterit

272 1399 399 1465 EtApul.
416 1402 424 1428 ‘
437 1402 536 1452 Oculos
549 1404 672 1452 tremulos
687 1409 714 1452 et
729 1415 810 1468 prona
845 1413 924 1463 quam
935 1412 1085 1460 coccanom,
1101 1412 1149 1462 pro
1161 1408 1258 1447 coccea
1271 1396 1313 1444 vel
1324 1406 1384 1445 cau»

195 1506 198 1514 ·
271 1475 381 1527 libidine
390 1479 538 1529 marcidos?
844 1474 913 1525 cino.
939 1475 962 1523 ai
976 1472 1105 1537 galbanum
1125 1473 1217 1524 Latine
1236 1474 1382 1535 diceretur,

304 1557 337 1603 95
356 1553 453 1621 Oculos]
473 1555 571 1618 Genus,
585 1557 628 1606 vel
640 1555 706 1620 pilos
724 1556 810 1607 omnio.
846 1551 932 1600 media
942 1552 1021 1615 longa
1037 1552 1126 1615 utique
1143 1550 1334 1600 enunciandam
1345 1563 1384 1599 es·

271 1628 343 1681 rum:
358 1630 399 1680 rel
407 1631 462 1693 ipsa
471 1632 811 1697 supercilio.-Vitrcobibt‘t,
845 1633 894 1679 set.
918 1628 964 1678 scu
984 1642 1041 1678 cum
1062 1629 1157 1692 passim
1171 1628 1333 1691 corripiatur
1349 1626 1383 1676 ab

270 1705 327 1769 ta]
341 1707 729 1757 Notatlibidiuosissimosriros
737 1706 810 1758 effoe·
845 1706 1007 1769 auctoribus,
1018 1708 1082 1756 satis
1091 1707 1156 1769 signi
1164 1713 1204 1756 est
1216 1706 1309 1755 vitiose
1319 1704 1383 1754 scri·

270 1783 392 1833 mitratos.
425 1785 494 1834 Nam
511 1783 627 1834 efforatae
638 1784 758 1835 mulieres
775 1799 809 1834 ex
845 1783 873 1834 bi
881 1784 1011 1847 gelbaum
1022 1799 1070 1848 pro
1079 1784 1184 1847 galbino.
1218 1783 1270 1836 Qui
1281 1783 1319 1831 sic
1331 1779 1384 1846 pri-

269 1860 419 1925 {cuiusmodi
431 1862 608 1911 instrumentis
620 1860 752 1911 bibebant.
773 1858 809 1910 A·
845 1861 882 1911 mi
901 1867 1042 1924 mutarunt,
1058 1867 1168 1924 apparet
1184 1874 1229 1909 eos
1245 1858 1383 1921 guium,

270 1936 321 1989 lius
333 1937 400 1987 bibit
411 1952 443 1987 ex
454 1939 548 1988 vitreo·
556 1939 653 2002 Priapo
664 1952 716 1987 nou
733 1952 809 1987 secus
845 1939 895 1989 boc
907 1945 957 2001 est,
968 1939 1013 1998 τὴν
1023 1935 1150 2001 pristimo
1165 1938 1192 1987 in
1207 1937 1291 1987 arrimo
1302 1935 1383 1985 babu-

272 2028 303 2063 ac
312 2014 344 2078 si,
356 2021 386 2064 ut
396 2014 497 2077 mulier,
512 2016 629 2064 membro
640 2014 708 2064 virili
723 2014 809 2065 delec·
846 2015 906 2079 isse,
924 2017 997 2082 quasi
1014 2017 1152 2082 quicquam
1164 2030 1299 2065 commune
1310 2016 1384 2063 esset

271 2099 353 2144 tetur.
387 2091 443 2143 Hos
455 2093 607 2159 drilloputas
619 2094 698 2144 ctiam
715 2094 811 2144 Plinius
843 2093 945 2156 gallano
956 2108 1015 2143 cum
1026 2093 1144 2142 Galbina.-
1161 2091 1260 2156 gelboae
1273 2090 1344 2141 enim
1355 2093 1384 2139 at

268 2169 346 2220 initio
359 2170 422 2219 libri
441 2172 676 2223 armunotavit:
693 2173 746 2221 ‘ln
764 2186 809 2238 po-
845 2172 958 2236 galbiure
980 2177 1058 2236 atque
1080 2169 1159 2219 etium
1185 2167 1295 2231 galbulae
1320 2178 1383 2215 aves

271 2248 353 2312 culis,’
365 2249 610 2314 iuquit,‘libidiues
629 2251 724 2298 coelare
738 2250 809 2313 juvit
845 2253 907 2298 suut
927 2247 1016 2297 viridis
1039 2253 1084 2296 aut
1105 2245 1170 2295 lutei
1188 2245 1298 2303 coloris;
1322 2243 1383 2293 binc

269 2331 299 2375 ut
319 2320 571 2390 per'obs'coenitates
591 2326 699 2377 bibere!
720 2327 807 2377 rasin.
843 2324 953 2391 galbeos
970 2332 999 2375 et
1015 2323 1135 2389 guibinus
1152 2328 1180 2372 et
1198 2321 1324 2386 galbanus,
1335 2332 1383 2385 pru

272 2403 341 2453 Num
350 2418 405 2453 non
416 2405 479 2454 satis
491 2412 548 2454 erat
565 2418 647 2470 panes
659 2405 685 2454 in
697 2403 808 2456 formam
845 2401 931 2452 viridi.
964 2398 1203 2451 δάψαι-69994
1223 2397 1290 2461 roso]
1318 2397 1382 2447 Vct.

269 2482 451 2546 pudendorum
478 2482 589 2531 virilium
616 2481 753 2547 (coliphia)
780 2490 809 2535 et
845 2479 932 2530 (ilaus.
947 2479 1051 2540 Gulbae,
1066 2476 1160 2539 κόσμια.
1179 2475 1382 2528 Fumat-Gar-

268 2557 432 2607 muliebrium
445 2558 607 2620 rodere‚nisi
623 2564 651 2609 et
668 2559 808 2611 bibantvi-
844 2554 978 2619 biaorosn]
995 2554 1295 2616 Pollta‚tenuitcrrasa.
1327 2553 1382 2603 Vel.
1424 2596 1427 2605 .

269 2636 333 2684 treis
354 2635 487 2685 obscoenas
507 2635 603 2685 formas
625 2635 807 2689 referentibus.
842 2632 923 2682 Sobel.
1151 2629 1154 2633 ’

270 2713 366 2774 Gmng.
408 2714 485 2765 Quod
507 2713 601 2763 imitari
620 2713 743 2763 videntur
763 2717 808 2766 bo·
877 2715 910 2759 98
928 2707 1212 2773 mmmmm]
1246 2707 1304 2758 Hoc
1323 2708 1381 2756 loco

270 2788 692 2854 diemicombiboues,quaudoex
703 2793 807 2844 motulis
846 2788 882 2836 El
898 2788 967 2837 valet
983 2788 1073 2850 etiam,
1093 2789 1135 2837 rol
1154 2788 1268 2851 iusuper.
1303 2785 1380 2837 Jurs·

270 2864 421 2929 propinant,
440 2866 467 2915 ln
483 2868 633 2917 memoriam
645 2876 673 2918 et
684 2871 806 2920 bonorem
845 2873 934 2916 menta
947 2866 1000 2915 alia
1015 2867 1088 2928 viris,
1106 2865 1157 2915 alla
1175 2862 1286 2915 foeminis
1302 2876 1381 2928 pocu-

229 2982 231 2984 .
269 2941 440 2991 diobolarium
457 2946 729 2995 scortorum-Vitrea
745 2946 807 2995 bibit
844 2942 934 2991 llario:
958 2958 1003 3006 per
1020 2944 1146 3006 Jnroacm,
1166 2947 1242 2990 eraut
1265 2938 1383 2989 lomina·

267 3016 720 3084 illePrnpo]1nviueumpeoem,
742 3037 805 3087 quoa
845 3019 1028 3083 rumpropria.
1062 3019 1179 3069 Brisson.
1196 3017 1229 3068 de
1241 3015 1346 3067 iormnl.
1356 3019 1380 3066 8.

268 3096 403 3159 appellant
414 3095 567 3159 drilopotas.
604 3099 655 3146 Vct.
667 3098 746 3149 Sciat.
846 3095 970 3144 Politian.
982 3095 1095 3144 lllisocll.
1114 3108 1138 3144 c.
1148 3099 1192 3144 89.
1211 3100 1239 3143 et
1256 3093 1381 3143 Parrhas.

300 3175 334 3220 96
350 3172 623 3239 Reticnlnmqaccomis]
641 3177 748 3225 Comum
759 3191 806 3226 nu.
846 3171 929 3235 Epist.
954 3172 1066 3220 ment
1090 3186 1134 3236 per
1155 3168 1284 3232 Jnronem]
1316 3169 1381 3238 Ipso

268 3247 445 3313 triteumqne
461 3250 562 3314 colligit
578 3257 606 3299 et
622 3258 733 3302 exornat
744 3254 804 3303 reti·
843 3262 918 3298 servo
935 3248 962 3297 iu
981 3256 1081 3298 tantum
1093 3248 1163 3298 molli
1180 3247 1262 3314 (more
1282 3245 1381 3295 domini

268 3324 327 3374 culo
339 3332 439 3388 aurato,
449 3333 478 3374 ut
488 3328 588 3376 mulier.
606 3328 701 3389 Grong.
843 3324 896 3390 sui)
907 3333 937 3375 ut
950 3324 1024 3389 juret
1036 3340 1084 3390 per
1094 3324 1233 3385 lunonem,
1244 3321 1313 3388 qnod
1324 3334 1380 3370 mu·

299 3405 332 3449 at
352 3402 576 3468 caturicensium,
591 3405 644 3470 lym]
665 3408 701 3456 Et
719 3407 804 3459 induit
843 3401 920 3452 lieres
938 3399 1056 3450 faciunt:
1081 3399 1188 3449 utiviri
1208 3398 1380 3462 pergenium

266 3477 424 3528 rmtimeutu
434 3481 569 3531 muliebria
582 3484 693 3533 coerrrlea
710 3491 738 3534 et
748 3500 805 3535 scn-
843 3495 927 3544 suum,
946 3479 1049 3539 levem,
1070 3477 1219 3540 Herculem,
1238 3479 1287 3526 irc.
1334 3473 1379 3524 Sic

268 3555 361 3618 inlata,
382 3564 411 3606 et
433 3557 553 3620 galbanei
573 3559 667 3609 coloris
688 3563 804 3613 tenuiter
840 3558 973 3611 Quartilla
990 3556 1060 3621 apud
1079 3556 1249 3606 Petronium:
1275 3554 1379 3605 ‘Junc-

267 3632 489 3684 rasaetsubtiliu.
523 3635 593 3685 Hinc
604 3637 674 3700 apuu
692 3640 803 3690 Martia·
841 3652 901 3687 uem
924 3652 1007 3687 meam
1033 3638 1125 3685 iratam
1143 3635 1252 3685 babeam
1272 3631 1312 3696 si,’
1329 3635 1379 3682 &o

266 3709 328 3771 lem,
337 3708 466 3758 Galbanos
475 3725 560 3760 mores
569 3713 658 3776 babet,
666 3729 713 3778 pro
723 3717 803 3781 molli,
842 3713 1015 3765 Furtum-El
1032 3727 1077 3776 per
1094 3708 1223 3772 Jurrooem]
1256 3710 1318 3758 Non
1330 3721 1379 3771 per

267 3795 295 3835 et
311 3785 470 3837 elioenrinoto
490 3803 630 3855 parumque
647 3791 715 3841 virili
735 3794 802 3856 posi·
839 3780 943 3854 lovem,
962 3791 1006 3839 sed
1025 3804 1073 3854 per
1092 3790 1231 3841 Jrrnouern.
1264 3785 1318 3847 lta,
1339 3785 1378 3833 in·

263 3873 330 3916 ium.
346 3868 461 3919 Labicos.
496 3870 612 3932 commo,
624 3872 701 3920 simili
718 3869 803 3922 lincti-
840 3870 910 3934 quit,
920 3868 989 3918 servi
1001 3869 1103 3933 janam,
1114 3864 1243 3932 quomodo
1257 3864 1378 3914 solebant

267 3944 315 3994 bus
324 3945 430 3994 marinis
440 3945 535 4010 colore,
547 3947 584 3996 ita
596 3956 625 3998 ut
641 3955 669 3998 et
687 3949 802 3998 Venetus
841 3947 941 3997 ancille
954 3945 1078 4007 Neronis,
1086 3945 1232 4006 adulantes,
1241 3957 1289 4007 per
1297 3942 1378 3994 Jauu·

265 4029 293 4070 ct
303 4021 467 4072 'l'balassicus
487 4024 556 4073 idem
573 4025 803 4090 sint-Semelam]
840 4037 900 4072 nem
911 4037 991 4072 snam.
1028 4022 1081 4072 Vel.
1093 4020 1172 4070 Sobel.

265 4098 406 4149 Scutnlatae
419 4107 504 4151 vestes
515 4109 575 4151 sunt
584 4117 642 4167 quae
653 4102 678 4151 in
691 4101 802 4153 formam
872 4104 905 4149 99
922 4099 967 4148 lue
985 4103 1050 4147 terrei
1068 4094 1258 4161 rproulum‚tso.]
1292 4091 1376 4147 Qnusi

263 4177 423 4227 scutulorum
442 4185 533 4241 textu,
547 4192 656 4244 qnamm
675 4179 800 4229 inventio·
840 4176 924 4238 dicat,
935 4181 963 4226 ot
972 4174 1035 4224 ollas
1045 4189 1059 4225 e
1070 4173 1189 4223 mollibus
1199 4173 1239 4221 bis
1250 4172 1278 4221 in
1289 4184 1375 4233 mauu,

264 4265 325 4300 nom
342 4254 469 4303 attribuit.
486 4254 569 4305 Gallis
586 4256 656 4305 Plin.
675 4269 739 4306 vm.
757 4261 800 4309 48.
838 4251 1070 4305 curiosuefoeminae
1081 4264 1162 4312 more,
1176 4248 1374 4313 tenettproulurr,

263 4327 332 4378 moa
347 4336 434 4380 autem
454 4339 524 4393 suut,
541 4347 599 4397 qnae
611 4348 628 4383 a
638 4348 685 4383 rua
695 4339 801 4383 textura
837 4331 908 4396 quod
914 4329 1053 4379 ollarOtlro
1062 4328 1210 4390 Imperator
1217 4328 1376 4389 gestaverat,

264 4403 476 4464 annuuntiabant
491 4407 606 4457 eminens
621 4408 726 4459 villum:
743 4408 762 4472 i,
774 4423 798 4459 e.
837 4407 922 4458 instar
933 4407 1026 4472 hasta,
1041 4405 1115 4459 Otho
1125 4404 1171 4455 ille
1181 4402 1308 4455 Punicus
1319 4414 1372 4452 mu·
