3084 4934
599 403 845 493 ssrrns'nrv.

167 585 238 656 nat
250 590 448 670 libertatem,
464 596 497 657 et
508 594 596 655 totas
610 588 746 652 effundit
759 589 905 653 habenas

166 690 361 758 Curriculo:
384 714 479 776 quem
489 693 524 756 'si
540 710 688 768 revoces,
703 691 881 754 subsistere
895 692 1012 771 nescit,

165 793 210 860 Et
223 801 256 859 te
272 803 439 859 contemto
454 797 592 879 rapitur,
605 795 768 877 metisque
783 795 919 861 relictis

164 898 276 965 Nemo
291 902 375 965 satis
391 900 493 965 credit
507 906 635 965 tantum
649 897 851 982 delinquere,
867 907 1025 983 quantum

159 1000 362 1096 ,Bermittast
386 1003 470 1067 adeo
485 1003 651 1085 indulgent
665 1002 729 1066 sibi
744 1002 846 1065 latius
861 1003 939 1085 ipsi.

164 1097 249 1169 Cum
265 1106 351 1170 dicis
368 1107 495 1190 juveni,
511 1107 660 1184 stultum,
672 1106 730 1190 qni
746 1104 847 1170 donet
861 1106 984 1186 amico,
1205 1107 1270 1175 235

164 1205 234 1286 Qui
248 1207 478 1291 paupertatem
492 1209 589 1287 levet,
606 1209 801 1294 attollatque
816 1211 1016 1294 propinqui3

164 1308 210 1375 Et
224 1313 370 1396 spoliare
386 1313 499 1389 doces,
513 1316 546 1376 et
559 1312 842 1390 circumscribere,
858 1315 892 1375 et
906 1313 995 1376 omni

163 1410 316 1479 Crimine
322 1416 456 1480 divitias
471 1416 650 1499 acquirere,
665 1434 804 1498 quarum
817 1434 909 1479 amor
920 1415 955 1479 in
967 1421 1011 1492 ts,

163 1503 319 1593 Quantus
333 1524 402 1583 erat
415 1520 533 1604 patriae
551 1518 731 1583 Deciorum
745 1518 782 1582 in
792 1522 939 1602 pectore,
954 1523 1112 1601 quantum

151 1710 284 1770 retrahas,
292 1716 356 1760 stare
364 1728 410 1760 noa
421 1712 495 1773 norit,
506 1716 575 1775 tepus
583 1710 749 1775 spretosertur
760 1725 890 1788 preceps,
905 1715 1023 1774 metasque
1037 1711 1154 1762 transilit.
1181 1712 1273 1772 ,Neue

160 1779 235 1838 putat
245 1780 283 1824 sat
291 1792 388 1840 peceare
397 1778 543 1825 tantumdem
551 1783 663 1840 pruritum
670 1777 749 1825 sinas:
761 1780 798 1825 ata
808 1776 960 1840 sibimetipsis
967 1779 1056 1826 donant
1063 1780 1169 1840 amplius.
1193 1777 1274 1833 Quaa-

153 1841 195 1889 'da
206 1856 279 1904 puero
290 1843 333 1905 ais,
347 1842 444 1902 saluum
456 1857 513 1891 esse
531 1843 571 1904 qui
584 1840 707 1901 familiari
725 1841 855 1903 largiatur,
866 1841 906 1904 qui
917 1842 1045 1904 opituletur
1053 1843 1118 1905 inopi
1128 1848 1237 1907 samo,
1248 1849 1274 1893 et

164 1918 226 1954 cnm
237 1907 326 1968 erigat,
337 1913 453 1956 monstras
463 1912 487 1956 et
501 1909 631 1967 madore,
642 1911 666 1954 et
676 1905 853 1967 circumvenire,
863 1910 933 1969 atque
944 1908 1025 1968 quovis
1037 1907 1138 1971 flagitia
1148 1922 1275 1969 evagerae

163 1973 500 2037 opes‚puarrimcupiditasis
515 1978 540 2022 te
557 1976 592 2021 est
611 1977 693 2035 tants,
711 1975 869 2034 6666166161
884 1971 973 2034 patrie
984 1972 1097 2022 charitas
1108 1974 1135 2021 in
1145 1973 1274 2023 Deciorum

632 2118 808 2140 eoncedente

163 2222 207 2270 64.
218 2223 260 2268 68.
272 2224 314 2270 64.
348 2221 525 2286 centuplicanda·
535 2225 576 2271 16.
610 2220 691 2269 Forte
703 2218 812 2279 rectius,
823 2215 874 2268 etsi
884 2231 937 2268 non
955 2216 1056 2282 ignoro,
1067 2231 1158 2266 vacem
1176 2216 1273 2269 liberta·

153 2288 213 2332 tem
223 2285 303 2334 etiam
313 2283 441 2336 infinitivo
448 2287 568 2350 junctam
578 2285 639 2351 legi,
650 2300 676 2335 v.
686 2299 710 2334 c.
721 2298 763 2347 ap.
777 2283 857 2348 Prop.
870 2298 890 2333 1.
903 2288 926 2333 1.
935 2287 975 2333 28.
983 2289 1011 2332 61
1022 2282 1080 2332 Val.
1092 2282 1132 2333 Fi.
1143 2296 1163 2334 1.
1181 2287 1273 2332 661-

163 2348 251 2399 'l'otus
263 2357 349 2399 autern
360 2366 450 2401 versru
460 2353 534 2401 abest
545 2352 577 2400 ab
588 2356 613 2401 2.
626 2355 666 2400 16.
679 2352 770 2399 11.12.
783 2352 871 2398 1621.
882 2362 967 2413 neque
975 2347 1068 2398 euroin
1077 2363 1123 2396 suo
1131 2351 1276 2412 exemplari

163 2414 288 2464 babuisse
300 2416 402 2466 videtur
415 2424 488 2467 vetus
499 2417 585 2466 Sebol.
597 2416 641 2481 qni
653 2415 725 2464 illum
735 2413 840 2463 silentio
861 2413 1037 2480 pretermisit,
1054 2421 1083 2464 et
1102 2413 1183 2463 verba
1193 2416 1236 2463 dot
1246 2416 1276 2464 ti·

165 2479 284 2529 bertotem
301 2482 437 2545 exposuit:
464 2482 648 2531 auctoritatem
658 2485 695 2534 ¹et
714 2479 859 2543 nequitiam
878 2479 1018 2543 permittit.
1051 2480 1100 2527 Est
1115 2478 1184 2528 haud
1197 2478 1276 2530 dubis

162 2544 273 2606 lacinia,
283 2554 370 2596 assuta
381 2548 414 2596 ab
425 2548 623 2612 interpolatore,
634 2545 679 2611 qni
691 2544 771 2595 verba
792 2545 848 2594 Dat
866 2545 1000 2594 libertatem
1018 2557 1069 2610 non
1086 2545 1277 2609 concoquebat,

163 2609 217 2660 nisi
235 2611 298 2660 talia
315 2612 482 2663 adderentur.
515 2612 604 2662 Minus
615 2611 720 2677 quidem
735 2610 882 2675 languebit,
894 2610 915 2659 si
933 2608 963 2659 rb
982 2615 1007 2659 et
1017 2625 1056 2659 vs.
1068 2612 1117 2659 228
1127 2614 1156 2660 61
1166 2614 1216 2659 236
1226 2625 1276 2675 pro

164 2674 361 2740 etiampositum
373 2677 514 2741 acceperis.
549 2676 587 2726 At
597 2676 654 2754 quis
670 2673 740 2724 ferat
756 2675 824 2725 banc
841 2676 961 2739 capulam
981 2675 1059 2724 toties
1075 2689 1106 2723 ac
1117 2674 1189 2724 vario
1199 2689 1278 2725 sensu

163 2740 319 2804 repetitam,
330 2744 491 2807 eandemque
502 2747 657 2792 sententiam
677 2746 718 2790 ter
737 2741 903 2805 expressam?
930 2740 998 2789 Hinc
1017 2739 1097 2789 etiam
1116 2754 1168 2790 non
1187 2741 1279 2806 placet

163 2805 256 2868 opinio
267 2820 365 2868 eoram,
376 2808 419 2871 qui
436 2823 474 2857 vs.
486 2811 535 2857 236
545 2806 574 2855 rb
585 2812 609 2856 et
621 2810 682 2857 ants
699 2809 762 2855 totas
781 2805 921 2855 delendum
938 2811 1041 2869 patant,
1058 2810 1088 2854 ut
1106 2804 1192 2854 verbis
1210 2806 1278 2855 Nam

163 2871 340 2935 ,stammas
350 2872 483 2922 tiberim
493 2870 616 2936 πρότασις,
627 2873 698 2938 (qun
712 2871 749 2919 sio
760 2870 836 2920 nimis
857 2871 934 2934 longa
951 2876 1030 2920 estet
1046 2869 1202 2935 ramonopri)
1219 2870 1278 2919 reli-

166 2936 227 2999 quis
237 2952 309 2999 vero,
318 2942 382 2987 tatas
391 2937 493 3002 66116611
502 2939 603 2988 balmas
613 2945 674 2999 cen,
690 2932 803 2986 tritara
813 2936 986 2986 contineatur.
1020 2935 1089 2983 Toto
1101 2935 1188 2997 potius
1200 2948 1278 2985 versu

156 3000 257 3064 ,ejecto
266 3003 329 3051 nibil
340 3010 389 3062 est,
400 3004 468 3067 quod
480 3003 507 3052 in
518 3004 544 3052 b.
556 3004 573 3052 l.
585 3001 813 3066 displiceat—220
829 3000 917 3066 effudit
927 3005 969 3050 21.
981 3003 1022 3048 22.
1034 3004 1076 3048 26.
1087 3002 1128 3049 27.
1137 3004 1222 3050 4649.
1233 3003 1278 3049 64-

165 3067 211 3116 63.
222 3070 263 3117 66.
272 3072 312 3116 67.
325 3072 488 3119 (titt—282
508 3070 568 3118 Cum
588 3071 629 3117 22.
662 3065 710 3116 Sed
727 3081 780 3116 non
798 3067 865 3115 male
884 3065 955 3127 conj.
974 3064 1110 3113 Platbner.
1142 3064 1279 3128 meritisque

165 3131 261 3179 relictis
271 3136 295 3181 9.
308 3148 368 3184 sm.
380 3137 503 3196 16.-236
520 3136 598 3182 credet
610 3135 731 3182 24.-236
751 3134 801 3180 Cur
819 3136 859 3180 22.
891 3130 955 3179 dices
969 3134 1008 3178 16.
1040 3132 1137 3191 nultus,
1154 3129 1280 3193 patronus

165 3212 204 3256 m,
217 3195 267 3251 eri
276 3213 301 3260 p.
312 3199 373 3247 beat
385 3200 521 3262 admittique
536 3214 562 3263 p.
575 3202 613 3247 16.
632 3197 691 3246 Non
702 3197 780 3261 male,
791 3202 821 3245 ut
832 3197 890 3260 ipsa
900 3196 953 3243 sint
965 3193 1047 3258 patris
1058 3193 1228 3243 verba-236
1244 3195 1277 3244 16-

164 3265 262 3310 ears.
277 3266 368 3312 rues
401 3264 535 3327 minutique
554 3266 594 3313 rs.
607 3266 647 3311 rs.
680 3262 815 3324 messapo
832 3265 871 3310 16.
903 3260 972 3307 tamt
990 3260 1093 3321 mapa
1110 3262 1151 3307 24.
1182 3259 1280 3323 popm

165 3330 376 3389 61166121-228
391 3329 516 3392 mpairere
527 3328 607 3378 etiarn
618 3328 643 3377 b.
655 3327 673 3376 1.
685 3325 812 3390 suspicari
823 3325 913 3388 possis.
924 3339 949 3371 v.
963 3338 1021 3387 sup.
1033 3323 1066 3372 sd
1078 3336 1117 3374 vl.
1128 3327 1185 3373 661.
1217 3324 1244 3373 is
1253 3329 1279 3375 tc

166 3395 206 3441 est
217 3395 258 3442 18.
271 3396 310 3444 19.
323 3408 338 3443 s
350 3408 385 3445 m.
394 3408 447 3445 666.
457 3397 499 3445 23.
508 3397 548 3444 26.
561 3397 602 3446 27.
614 3397 655 3444 46.
666 3397 707 3442 47.
716 3396 757 3443 46.
766 3396 809 3441 66.
819 3393 903 3442 6469.
914 3392 1082 3440 ilum—229
1090 3389 1216 3452 inportare
1225 3393 1278 3441 sato

664 3533 771 3586 NOTAE

199 3665 250 3712 266
269 3661 340 3713 tuto
349 3662 453 3729 eplbudit
463 3664 634 3731 1666666666]
647 3666 704 3716 Me·
777 3668 825 3715 266
843 3665 919 3714 Nema
937 3661 998 3711 sotis
1017 3660 1103 3725 credit,
1121 3658 1176 3725 dfe]
1202 3659 1280 3710 Ultra

151 3738 280 3805 'tapbora
290 3755 305 3788 6
314 3740 514 3791 decurrentibus
527 3742 555 3791 in
572 3743 658 3793 circo:
675 3742 704 3791 id
744 3743 913 3807 prescriptos
922 3739 987 3790 lines
996 3739 1105 3805 quisque
1114 3738 1216 3789 tendit:
1234 3751 1279 3791 ne·

124 3818 128 3824 '
167 3821 222 3878 est,
229 3829 329 3865 omnem
337 3817 384 3866 dat
391 3817 525 3868 licentiam
532 3818 640 3885 quodvis
648 3832 703 3869 sce·
743 3833 787 3870 mo
797 3819 927 3870 concessis
938 3826 979 3869 661
989 3823 1137 3869 contentus.

167 3892 209 3942 lus
218 3893 340 3945 audendi.
776 3902 825 3948 217
843 3897 950 3963 Spatiam
959 3899 1027 3947 daces
1041 3901 1066 3945 et
1079 3883 1283 3956 circurneriders]

135 4031 138 4035 .
200 3972 251 4019 261
261 3970 404 4035 ‚Cardeam
426 3971 458 4021 Id
478 3978 528 4034 est,
544 3972 637 4038 juveni
656 3987 703 4037 per
744 3976 870 4025 Duceret
884 3973 986 4037 fallere,
1004 3980 1032 4025 et
1052 3969 1208 4037 depraedari,
1219 3968 1280 4019 alic·

167 4045 328 4111 multiplices
343 4049 401 4113 jam
419 4051 535 4100 avaritia
550 4048 641 4100 sordes
660 4050 704 4099 de·
742 4052 835 4116 nisque
846 4052 947 4101 inhiare
958 4050 1055 4101 divitiis
1072 4062 1119 4114 per
1135 4044 1174 4097 sas
1193 4051 1222 4096 et
1237 4055 1281 4096 116·

169 4125 294 4174 currenti.
377 4124 380 4128 ’
743 4126 784 4178 fas
796 4128 936 4193 rapiendis.

195 4203 252 4268 262
280 4202 314 4251 t'e
335 4206 449 4253 emtores
469 4200 577 4268 rapitur]
607 4201 702 4267 virgil.
775 4207 826 4255 239
842 4195 987 4266 Decima]
1010 4200 1079 4254 Vide
1097 4200 1226 4253 6611111.
1240 4210 1280 4252 rs.

170 4272 286 4347 {Fertur
296 4279 370 4346 cquis
380 4280 481 4347 auriga,
494 4293 543 4333 nec
562 4277 636 4333 audit
647 4292 702 4332 cur·
743 4284 802 4333 sm.
812 4278 904 4347 ibique
917 4282 1013 4332 annot,

170 4354 356 4409 rasbsbcnssss
