3084 4934
269 337 338 407 sle
640 351 676 399 o.
699 347 805 404 rursu
827 348 1041 399 ruvrasnrs

273 500 318 567 Et
331 499 441 566 fasces
456 496 705 581 meruittcgum
724 495 861 563 ultimus
875 494 1118 569 illebouomur.
1136 506 1138 511 ’
1315 493 1379 559 260

272 603 412 671 Prodita
425 601 587 668 laxabant
610 603 779 684 porterum
795 600 941 665 claustra
954 600 1105 684 tyrannis

194 758 196 765 .
273 705 442 772 Exulibus
449 704 587 790 juvenes
602 702 710 786 ipsius
730 699 900 778 Consulis,
915 707 948 765 et
961 721 1046 786 quos

275 806 438 892 Magnum
451 806 577 891 aliquid
591 805 695 873 dubia
708 824 769 890 pro
782 803 933 871 libertate
948 806 1090 883 deceret,

276 910 378 992 Quod
393 910 568 981 miraretur
580 926 658 976 cum
676 907 807 977 Coclite
823 908 970 987 Mucius,
992 915 1027 975 et
1040 920 1118 993 qnae

199 1154 201 1162 v
272 1125 360 1190 &aar
369 1125 423 1186 fnit
445 1125 516 1190 regio
535 1117 711 1193 grumento,
727 1142 754 1176 oc
775 1127 872 1176 Romuli
892 1143 976 1177 corona
998 1132 1022 1177 et
1038 1125 1155 1186 fascibus
1199 1125 1298 1176 Contra
1318 1138 1380 1173 vero

276 1191 393 1255 neumis
403 1192 538 1243 exlmribss
551 1194 656 1242 orclem
666 1191 737 1252 fores
754 1192 890 1256 amburit
909 1206 939 1242 ec
962 1192 1087 1242 trudebant
1107 1191 1216 1241 Consulis
1229 1191 1307 1253 ipsias
1316 1189 1383 1253 filii.

273 1272 331 1320 qnos
340 1257 414 1308 duos
423 1262 540 1322 oporteret
550 1258 645 1323 exequi
652 1272 697 1322 pro
712 1258 814 1320 conniti
826 1257 938 1308 tiberine
958 1259 1069 1321 quiddam
1087 1259 1180 1319 ingess,
1195 1257 1256 1320 quod
1273 1254 1381 1319 stuperet

735 1401 915 1422 “eunoun

274 1519 612 1571 1⁴.-2nsdelibertrtels.
646 1519 741 1570 decebat
757 1524 882 1569 71464
900 1520 987 1570 Codice
997 1523 1038 1570 18.
1050 1524 1091 1570 24.
1124 1516 1326 1568 Mutiaslmn
1340 1519 1381 1565 19.

274 1590 315 1635 21.
326 1589 367 1635 28.
379 1588 420 1635 et.
431 1588 516 1635 45-50.
528 1588 620 1635 51160.
631 1588 717 1637 ostii.
749 1584 802 1636 Sed
821 1585 909 1638 Greci
922 1600 980 1636 euru
992 1586 1128 1651 appellent
1139 1580 1242 1632 notetur
1252 1580 1380 1632 Σκαιόλαν.

770 1765 876 1817 NOTAE

272 1877 322 1936 site
334 1875 476 1943 distinguas
492 1879 636 1943 triplicem:
654 1895 730 1931 unam
746 1881 806 1933 Diis
846 1882 980 1932 oculorum
992 1881 1075 1932 altero
1087 1880 1113 1930 in
1123 1878 1382 1945 pugnoquadsm,ita

271 1972 372 2007 sacrorn
391 1971 406 2008 e
429 1973 545 2024 purpure
564 1961 635 2021 ssls3
661 1962 770 2011 alteram
791 1975 806 2010 e
847 1958 943 2020 dictus,
955 1959 1001 2010 sed
1013 1960 1095 2008 multo
1107 1959 1202 2008 clarior
1212 1972 1244 2007 cx
1257 1972 1289 2007 eo
1301 1956 1379 2020 quod,

272 2049 388 2099 purpura
398 2035 515 2085 immixto
528 2036 589 2086 albo
602 2036 716 2101 Regibus
728 2038 807 2088 nsits·
846 2035 982 2085 Porsenna
991 2050 1052 2099 rege
1060 2036 1230 2084 Etruscorum
1242 2048 1289 2098 pro
1306 2032 1382 2081 resti·

272 2117 326 2160 tam
335 2117 363 2161 et
368 2112 534 2174 Consulibus3
551 2113 654 2163 tertiam
661 2112 806 2178 Augurum,
847 2112 950 2163 tuendis
960 2111 1106 2176 Tarquiniis
1115 2109 1140 2160 in
1150 2110 1281 2160 Romanos
1291 2107 1383 2158 decer·

272 2201 288 2238 e
300 2202 416 2253 purpura
426 2194 455 2239 et
465 2204 555 2239 coeco.
572 2188 650 2240 Alex.
662 2194 742 2241 ruiti.
755 2193 806 2240 bec.
847 2195 932 2252 tante,
943 2203 991 2254 pro
1002 2194 1082 2252 ponte
1093 2186 1202 2237 sublicio
1210 2187 1296 2249 stetit,
1304 2200 1384 2236 unns·

305 2265 558 2328 Diudenro1Pannns
578 2273 644 2329 erat,
664 2280 715 2332 qno
733 2268 808 2318 velut
847 2281 897 2330 qne
915 2265 997 2316 acam
1014 2264 1128 2315 bostium
1145 2261 1277 2323 sustinuit,
1296 2261 1381 2312 ἀοιιεο

272 2338 354 2392 fucis
374 2349 454 2406 caput
473 2342 689 2407 circumligabant
711 2344 806 2408 Reges.
847 2359 913 2408 pons
924 2340 1302 2407 ntergointerruptusaditnm
1313 2354 1383 2403 μη·

271 2415 398 2478 serm,
407 2418 515 2481 redimis,
525 2419 605 2483 cingo.
846 2421 984 2471 eluderet:
1006 2426 1061 2470 tum
1081 2418 1201 2468 desiliens
1220 2417 1247 2465 in
1263 2416 1381 2466 Tiberim

303 2500 353 2546 260
370 2494 466 2559 Fossa]
481 2498 524 2546 De
542 2496 582 2546 his
598 2496 676 2547 Satir.
696 2512 724 2548 v.
748 2503 807 2549 llo.
846 2498 879 2548 ad
891 2514 950 2549 suos
961 2497 1114 2548 transnavit.
1147 2494 1192 2545 Ob
1210 2494 1260 2544 hoc
1279 2494 1304 2543 ei
1325 2500 1382 2543 ton·

272 2573 386 2638 Rogibus
406 2573 485 2623 etiarn
498 2571 713 2637 preferebatur,
732 2575 807 2624 testi·
847 2581 900 2625 tum
910 2576 966 2640 agri
975 2574 1078 2640 publice
1089 2575 1317 2637 datumqnsnnm
1328 2580 1382 2620 nno

271 2650 320 2700 bas
330 2650 414 2713 Livio,
427 2651 539 2715 Dionys.
551 2653 600 2700 dec.
846 2653 889 2704 die
909 2653 1073 2704 circumuenti
1090 2658 1194 2717 posset:
1213 2654 1303 2699 status
1319 2662 1383 2714 quo·

304 2727 410 2793 Mersit]
425 2727 524 2791 Insigni
536 2742 582 2777 sna
593 2727 690 2779 virtute
701 2735 728 2779 et
739 2729 806 2794 sapi·
846 2742 898 2795 qne
917 2730 945 2778 in
955 2729 1092 2780 Vulcansli
1113 2734 1154 2777 est
1174 2734 1275 2786 erecta,
1292 2736 1338 2775 seu
1353 2724 1381 2773 in

271 2804 353 2855 entis.
846 2806 969 2857 Comitio.
987 2806 1044 2856 Liv.
1063 2819 1095 2854 ιι.
1114 2809 1139 2854 9.
1160 2810 1189 2854 et
1210 2817 1264 2867 seq.
1287 2800 1380 2852 Aurel.

306 2881 399 2944 Βεμιι
413 2882 512 2932 ultimus
529 2882 570 2934 ille
590 2882 713 2949 monum]
738 2883 806 2934 Post
847 2884 948 2934 Victor.
966 2887 1017 2934 &c

271 2958 390 3008 Servium
408 2958 515 3024 quidem
535 2959 660 3025 Tullium,
680 2961 737 3010 Rex
752 2959 806 3012 tuit
878 2961 988 3024 Marius]
1003 2960 1148 3011 C-blncins
1159 2959 1271 3019 Cordus,
1286 2956 1382 3007 nobilis

269 3035 574 3103 TarquiniusSupcrbus,
593 3026 621 3088 ot
638 3037 712 3089 bonis
728 3038 805 3103 Regi·
846 3036 1009 3098 adolescens,
1026 3036 1067 3086 cui
1087 3045 1176 3099 postes
1188 3051 1204 3085 s
1214 3035 1313 3084 dextre
1329 3047 1382 3083 ms·

269 3112 317 3165 bus
328 3127 492 3178 nequaquem
504 3115 692 3166 accensendos.
845 3127 894 3162 aurs
912 3112 987 3163 clade
1008 3113 1132 3162 Scoevols
1154 3126 1297 3174 cognomen
1314 3110 1382 3160 indi·

301 3192 348 3239 nol
368 3190 469 3240 Prodito
488 3191 611 3256 leuben,
626 3194 681 3259 tro]
696 3193 807 3259 Tarqui·
845 3197 911 3253 tum,
932 3196 962 3240 nt
983 3189 1020 3240 ait
1042 3190 1142 3253 Livius,
1167 3189 1288 3238 nimirum
1310 3187 1381 3253 quod

270 3266 325 3316 nius
336 3266 401 3317 urbe
421 3269 508 3330 pulsos
528 3284 579 3333 ope
595 3269 715 3320 Consulis
733 3271 807 3324 Junii
846 3268 1017 3319 exustae‘loeo
1028 3267 1128 3316 dextra
1140 3265 1380 3327 uteretnrsinistrs,

270 3342 356 3406 Bruti,
373 3342 447 3407 nujus
469 3343 516 3392 lilii
540 3344 617 3395 'l'itus
636 3351 665 3395 et
686 3346 804 3396 Tiberius
845 3360 903 3412 qna
916 3344 1100 3394 Groeeisrrnd
1116 3343 1208 3406 Scene,
1228 3351 1256 3392 et
1277 3357 1326 3407 per
1343 3342 1380 3393 di·

270 3433 329 3469 cum
352 3418 410 3468 aliis
428 3419 579 3483 quibusdem
600 3420 730 3471 nobilibus
758 3439 803 3473 ees
844 3421 937 3471 minut.
959 3420 1077 3471 Soaeoolm
1095 3420 1136 3469 vel
1153 3435 1169 3468 s
1188 3417 1258 3468 urard
1275 3427 1302 3469 et
1319 3421 1380 3470 colo.

271 3507 396 3543 revocare
416 3493 515 3544 nefarie
532 3496 719 3560 conjurarunt:
736 3501 807 3550 unde
848 3498 898 3548 Hic
911 3498 1024 3547 obsideri
1044 3498 1167 3563 populum
1182 3499 1326 3547 Romanurn
1343 3499 1381 3548 in·

271 3580 298 3621 et
311 3573 343 3621 ab
354 3572 412 3637 ipso
423 3580 499 3638 petre
516 3581 666 3626 constanter
684 3577 743 3628 neci
761 3577 806 3628 ad.
846 3576 951 3638 dignum
974 3583 1055 3639 ratus,
1075 3577 1102 3625 iu
1127 3576 1269 3627 Porsennae
1291 3578 1380 3626 eostre

274 3649 340 3698 dicti
348 3655 419 3700 sunt.
432 3651 488 3700 Idu.
500 3651 574 3702 initio
582 3653 600 3702 l.
613 3657 638 3704 2.
648 3653 748 3705 Plutar.
756 3657 805 3705 dec.
845 3652 1004 3717 penetravit,
1015 3653 1151 3717 ipsamque
1161 3653 1272 3716 Regem,
1286 3652 1307 3701 si
1320 3666 1379 3715 pur·

304 3731 353 3778 26³
370 3727 453 3778 Debre
463 3729 585 3792 libertate]
601 3730 724 3782 Nondum
737 3733 804 3783 bene
846 3728 932 3792 putati
949 3728 994 3793 qni
1013 3728 1105 3778 aderet
1123 3726 1267 3787 similitudo
1277 3742 1329 3776 noo
1341 3725 1381 3777 ssi

271 3803 805 3874 assertaet'firnieta‚consntibusqnereg·
844 3803 965 3866 sedisset,
993 3803 1140 3870 bellumque
1170 3804 1268 3867 puriter
1302 3815 1380 3853 omns

270 3896 334 3933 aum
345 3896 501 3945 recuperare
511 3883 627 3946 expulsis
639 3884 751 3950 regibus.
845 3881 1001 3931 sustulisset.
1033 3880 1109 3931 Adeo
1120 3878 1209 3930 facere
1221 3886 1249 3929 et
1260 3879 1316 3944 psti
1327 3877 1380 3930 for·

301 3963 351 4011 ibt
369 3959 440 4016 Quod
445 3959 586 4023 murmur]
597 3961 673 4013 Quod
682 3975 737 4012 esse
747 3977 805 4026 pos·
844 3957 883 4007 tia
893 3957 1038 4007 Romanum
1046 3964 1095 4008 est.
1128 3958 1187 4010 Quo
1203 3957 1310 4022 insuper
1325 3971 1379 4007 ma

270 4043 313 4087 ret
321 4036 487 4086 admirationi
500 4036 575 4086 simul
587 4043 614 4086 et
624 4038 744 4102 exemplo
761 4054 805 4104 ge·
843 4049 904 4084 num
916 4034 976 4098 igne
988 4042 1122 4086 cremante
1139 4032 1303 4099 stupefactus
1320 4044 1378 4096 rex,

270 4112 429 4164 neroslsillir
441 4115 564 4163 Romano
575 4113 708 4165 libertatis
719 4121 747 4165 et
759 4129 804 4180 pa·
844 4112 962 4176 acceptis
982 4111 1126 4173 obsidibus,
1143 4126 1162 4161 a
1173 4113 1290 4162 Romano
1309 4110 1379 4160 bello

271 4189 330 4238 triae
339 4189 494 4240 amantibus.
844 4188 956 4240 destitit.
998 4190 1067 4241 Vide
1088 4190 1146 4240 Lir.
1167 4201 1199 4241 11.
1224 4193 1264 4238 12.
1286 4186 1378 4238 Amet.

278 4265 408 4329 Μαίη]
432 4266 559 4318 Horatius
581 4266 684 4332 Cocles,
711 4267 805 4317 snrlsm
843 4266 945 4319 Victor.
956 4270 1005 4319 &c
