3084 4934
247 368 313 435 632
609 388 643 434 n.
666 383 770 434 suun
793 383 1007 433 ruvnuanrs

247 529 444 614 Deprendas
459 529 560 593 animi
573 535 734 597 tormenta
747 529 881 595 latentis
895 529 930 593 in
944 531 1033 612 eegm

248 630 406 715 Corpore,
421 631 606 715 deprendas
620 640 654 697 et
666 632 807 715 gaudia:
829 635 930 697 sumit
942 642 1116 716 utrumque

248 734 329 799 Inde
343 736 492 799 habitum
507 736 623 800 facies.
667 737 773 818 igitur
784 737 920 801 flexisse
931 737 1054 800 videris

247 837 472 921 Propositum,
487 845 520 902 et
533 840 612 924 vitae
628 839 813 904 connerius
827 841 874 903 ire
887 839 1000 921 priori.

248 938 368 1022 Nuper
380 939 476 1016 enim,
490 945 530 1004 ut
541 946 667 1025 repeto,
682 940 795 1007 senum
816 941 930 1019 Isidis,
945 946 980 1007 et
993 939 1222 1026 Ganymeden,

247 1042 362 1121 Pacis,
376 1047 410 1106 et
423 1042 574 1128 advectae
590 1051 718 1110 secreta
731 1047 860 1130 palatia
875 1038 1008 1123 Matris,

247 1143 291 1207 Et
304 1143 454 1209 Cererem
470 1149 559 1224 (nam
573 1166 641 1231 quo
655 1166 721 1212 uon
734 1147 1011 1232 prostattocmina
1024 1145 1149 1230 templo
1158 1140 1190 1228 l)
1295 1200 1298 1209 .
1339 1195 1344 1203 .

249 1245 371 1312 Notior
384 1245 522 1313 Aufidio
538 1250 688 1317 moechus
703 1251 867 1315 celebrare
885 1251 1030 1327 solebas,
1311 1245 1356 1309 25

248 1348 414 1435 Quodque
427 1356 532 1429 taces,
545 1353 639 1434 ipsos
652 1353 754 1416 etiam
775 1352 934 1417 inclinare
945 1351 1093 1429 maritos.
1109 1410 1112 1415 ,

252 1451 339 1517 Utile
353 1457 386 1518 et
398 1455 462 1518 hoc
475 1455 589 1518 multis
603 1455 682 1520 vitee
698 1473 815 1537 genus:
839 1453 969 1541 etmihi
983 1452 1108 1518 nullum

1346 1131 1376 1168 ’e

246 1636 331 1691 baris?
346 1637 373 1686 in
383 1653 478 1702 corpore
495 1637 600 1686 morboso
610 1638 714 1702 reperias
724 1638 826 1687 mentor
842 1637 927 1685 mentm
944 1637 1074 1695 mariotae,
1083 1634 1188 1698 reperias
1196 1647 1285 1698 Μαι
1290 1633 1356 1709 toti·

247 1703 314 1752 tiam
348 1702 415 1752 Hinc
426 1705 504 1752 subus
513 1704 590 1752 trahit
606 1705 666 1753 lione
678 1709 703 1752 et
721 1703 788 1752 dmm
798 1700 955 1766 effictionem.
988 1700 1096 1763 Apparet
1106 1714 1163 1761 em
1173 1703 1277 1747 matare
1286 1699 1356 1746 meti·

247 1772 411 1831 tatamutyue
419 1783 518 1833 pergere
528 1769 646 1833 oppmitas
654 1767 901 1832 procedentioisendi
917 1766 1004 1814 modo.
1038 1767 1103 1814 Nam
1117 1765 1181 1812 baad
1199 1764 1236 1812 ito
1250 1764 1355 1839 pridem,

246 1832 417 1896 sicatreoolro,
429 1839 456 1882 tn
468 1834 563 1882 adulter
573 1834 670 1899 Aufidio
683 1834 801 1895 deendor
818 1845 970 1881 comameror
982 1829 1135 1893 {reparatore
1148 1830 1261 1892 temptam
1269 1827 1355 1904 leram,

247 1903 317 1960 ntyue
328 1898 488 1963 Ganymedem
505 1898 586 1960 Pacis,
594 1904 617 1947 et
629 1900 691 1948 oedee
701 1913 801 1946 orcanae
810 1897 917 1961 parentis
926 1898 1044 1954 maudo,
1054 1899 1079 1943 et
1090 1896 1209 1944 Cererem.
1229 1893 1355 1967 Emmnero

248 1979 291 2025 qao
303 1963 329 2012 in
342 1962 404 2024 sano
414 1963 499 2013 mulier
518 1979 565 2014 non
588 1979 613 2013 ee
628 1962 770 2028 prostituit?
787 1961 817 1993 ‘¹'
828 1961 894 2012 Iliad
909 1962 982 2012 eiiam
996 1959 1090 2010 uiuendi
1104 1958 1240 2009 instandum
1247 1956 1356 2021 plantae

711 2105 891 2129 noeaoeane

246 2208 333 2267 laudus
344 2211 385 2257 14.
397 2211 437 2259 15.
449 2211 489 2258 17.
501 2212 542 2258 13.
552 2213 594 2259 24.
605 2214 645 2259 45.
656 2214 698 2259 63.
731 2209 776 2260 lta
793 2215 822 2260 et
839 2225 877 2260 vs.
891 2212 999 2261 19.-1s
1013 2207 1130 2270 stmmytte
1146 2208 1255 2255 22.-22
1271 2204 1357 2268 Nuper}

245 2274 308 2321 ‘¹⁸²'st
325 2272 514 2331 mserum
534 2278 574 2324 13.
621 2276 768 2338 Ganymedis
787 2290 824 2324 sc.
842 2273 931 2324 tanum
952 2278 993 2324 13.
1019 2279 1047 2323 et
1065 2271 1103 2320 ita
1118 2271 1212 2337 corrig.
1239 2269 1356 2341 Vallaei

248 2335 349 2397 Flavius
360 2336 481 2400 conJect.
494 2352 519 2387 c.
530 2343 571 2388 72.
605 2338 642 2389 At
659 2339 805 2404 Ganymedi
824 2340 950 2403 templum
967 2337 1047 2404 fnisse
1066 2337 1165 2395 Ronrae,
1184 2334 1253 2384 band
1268 2335 1356 2399 legere

247 2401 359 2459 memini.
376 2456 378 2461 ,
394 2403 548 2467 Ganymeden
558 2418 606 2467 pro
618 2405 777 2468 Ganymedem
788 2405 876 2468 recepi
893 2420 927 2453 ex
943 2408 984 2453 17.
1018 2400 1140 2466 Plerique
1151 2401 1309 2464 interpretes
1327 2408 1355 2475 et

247 2467 339 2516 Heius.
349 2466 391 2522 ,ad
409 2466 489 2517 ovid.
511 2469 578 2520 Met.
589 2482 627 2519 ιν.
637 2473 679 2520 46.
691 2469 806 2533 jungunt
821 2470 982 2534 Ganymedem
1000 2467 1082 2528 Pacis,
1095 2473 1241 2530 putantque
1252 2466 1290 2514 ita
1302 2463 1356 2513 elice

248 2530 324 2579 Pereia
344 2533 477 2596 templum,
493 2532 562 2597 qrrod
580 2533 606 2582 in
626 2549 658 2583 eo
676 2535 843 2598 Ganymedes
861 2535 916 2585 sive
935 2535 989 2597 ejus
1007 2533 1172 2582 simulacrum
1184 2530 1275 2590 fuerit,
1287 2531 1355 2594 qrrod

247 2596 373 2660 coliigunt
384 2612 417 2644 ex
429 2612 509 2661 prava
521 2599 633 2649 lectione
645 2599 760 2649 Martini.
772 2612 823 2649 vu.
834 2603 875 2650 73.
885 2604 911 2651 4.
944 2597 1001 2648 Sine
1011 2598 1077 2661 capis
1084 2612 1153 2661 pace,
1162 2611 1203 2645 sea
1217 2596 1357 2666 Ganymede

246 2660 300 2711 coli.
335 2662 365 2710 ln
374 2663 524 2712 melioribus
535 2663 570 2713 ibi
581 2663 653 2713 libris
667 2665 775 2728 legiturz
802 2664 860 2714 Sine
874 2663 941 2728 rapis
958 2663 1074 2726 Paphien,
1083 2678 1125 2711 sea
1136 2661 1274 2724 Ganymede
1283 2663 1356 2710 eatee.

246 2729 311 2774 -23
327 2726 429 2788 ejectus
438 2742 453 2775 e
463 2731 504 2777 13.
520 2734 609 2778 aucto
619 2735 660 2779 21.
684 2732 793 2780 adduae
803 2733 844 2779 13.
855 2744 871 2778 a
881 2744 914 2779 nr.
926 2742 967 2793 pr.
998 2732 1094 2777 mata
1106 2726 1221 2775 nralebat
1231 2724 1358 2776 Labiene.

247 2793 312 2839 -24
330 2792 424 2840 Cereris
435 2796 475 2843 13.
505 2798 828 2858 perseuerauerint
840 2797 947 2843 22-35
965 2794 1045 2843 Notae
1054 2792 1172 2841 adulterio
1183 2794 1223 2840 13.
1255 2789 1356 2839 desidia

247 2858 288 2905 73.
313 2856 430 2905 celebrare
440 2859 476 2921 (h.
497 2872 521 2907 e.
539 2858 718 2923 frequentare,
729 2858 884 2924 frequenter
901 2856 1025 2923 invisere)
1036 2857 1156 2906 revocavi
1169 2870 1202 2904 ex
1214 2859 1254 2905 11.
1273 2857 1356 2904 1737.

248 2923 289 2969 23.
301 2924 384 2970 rib-5⁰.
395 2925 477 2973 6563.
488 2927 572 2973 66-63.
582 2928 664 2974 71-74.
676 2928 716 2973 77.
727 2928 768 2973 31.
782 2923 856 2987 prob.
868 2922 962 2972 Heius.
973 2921 1007 2970 ad
1026 2921 1105 2971 Ovid.
1125 2921 1241 2970 litetur.
1253 2923 1293 2969 43.
1311 2918 1356 2969 nbi

246 2992 344 3041 monet,
354 2986 391 3035 ita
402 2986 429 3036 in
436 2987 541 3051 scriptis
549 2988 725 3053 compluribus
734 2989 800 3054 legi,
808 3003 873 3052 quos
882 2987 1033 3050 inspexerit.
1049 2988 1163 3036 scelerare
1174 2989 1199 3034 3.
1209 2988 1251 3034 34.
1261 2988 1303 3034 64.
1313 2986 1355 3034 73.

246 3056 288 3100 73.
299 3054 341 3101 73.
353 3055 394 3102 33.
426 3051 479 3102 Sed
491 3053 628 3104 illud-tem
644 3054 750 3104 satirico
770 3052 952 3117 poiitmusm
970 3053 1053 3105 amico
1069 3050 1254 3116 congruentior
1272 3057 1355 3100 est-w

246 3117 516 3168 2631611631013.
550 3119 621 3176 Quia
636 3122 919 3182 taceoatyaeetiamtt.
947 3115 1245 3180 andtaeeootyaeipam
1261 3118 1301 3165 13.
1314 3119 1356 3171 11.

247 3185 287 3231 12.
300 3186 382 3233 14-24.
391 3187 432 3235 37.
443 3187 527 3235 4663.
544 3189 629 3236 6433.
645 3189 731 3236 71-74.
744 3189 787 3235 77.
807 3188 848 3235 31.
865 3183 942 3248 prob.
962 3182 1075 3244 Lnbino,
1091 3182 1135 3247 qni
1151 3180 1273 3246 putabat,
1290 3181 1357 3247 hanc

749 3331 858 3383 NOTAE

279 3428 311 3473 13
327 3424 467 3488 Deprendit
481 3427 565 3489 animi,
583 3428 638 3494 be]
654 3429 712 3479 Iste
734 3436 782 3479 tae
822 3444 838 3480 e
858 3430 974 3495 Phrygia
992 3430 1101 3480 Romam
1121 3428 1248 3479 advecta.
1285 3427 1357 3479 vioe

247 3501 362 3564 conpone
378 3503 507 3566 agritudo
523 3505 639 3556 nascitm
655 3506 782 3557 exanimi
821 3507 876 3557 Sat.
896 3518 928 3557 ιι.
944 3522 983 3557 ιι.
1005 3511 1061 3557 131.
1079 3507 1135 3558 Sat.
1147 3519 1192 3556 ιιι.
1208 3518 1246 3555 ιι.
1258 3508 1315 3556 133.
1327 3511 1356 3554 et

247 3575 358 3640 qudam
369 3577 533 3641 aegritudine.
821 3582 879 3633 Sat.
889 3596 928 3632 vr.
940 3597 977 3633 rs.
988 3586 1051 3643 313.

279 3655 312 3702 33
326 3652 360 3701 Ut
369 3651 461 3717 repeto]
477 3654 609 3708 Quantum
619 3657 782 3723 meminire-
853 3662 886 3709 34
898 3658 1021 3722 Caesen]
1037 3644 1176 3723 templum
1187 3658 1265 3709 enan
1278 3657 1357 3708 Cere·

248 3733 341 3793 petens
352 3729 447 3780 auimo.
821 3733 1176 3799 riuadeujueministerinnr
1188 3734 1356 3789 nonnisionv

281 3806 375 3857 Feresne
387 3807 550 3873 tetdo1vme
562 3810 781 3864 3337113433.
822 3821 857 3863 tre
868 3813 1082 3864 admittebantur.
1108 3815 1175 3865 Vide
1190 3816 1246 3866 Sat.
1263 3828 1304 3867 er.
1318 3829 1358 3867 rs.

280 3884 444 3953 Ganymedes,
455 3885 540 3948 Pacis]
563 3886 682 3936 Statuam
693 3888 782 3953 Gany·
821 3895 863 3940 63.
884 3891 1017 3941 illuderet
1030 3891 1119 3942 Romae
1128 3891 1161 3941 ed
1170 3892 1269 3943 circum
1275 3893 1358 3944 rmi-

247 3959 330 4010 medis
341 3962 368 4009 in
379 3960 457 4010 Pacis
467 3963 564 4026 templo
576 3976 658 4027 prope
670 3963 757 4015 torum
766 3980 783 4015 a
822 3982 904 4018 mam:
922 3968 1009 4017 Plinio
1020 3973 1090 4018 teste
1101 3981 1187 4020 xxxv.
1198 3973 1239 4019 13.
1330 4016 1332 4025 ,

247 4037 410 4102 Vespasiano
428 4044 559 4088 extracto.
597 4039 664 4092 Illuc
686 4042 781 4105 impuri
853 4048 885 4094 25
902 4044 1013 4110 Aufidio]
1028 4044 1127 4108 Insigni
1139 4046 1249 4095 moectro.

247 4115 447 4165 conveniebant.
475 4115 543 4165 Vide
552 4117 609 4166 Sat.
621 4132 647 4166 ν.
655 4134 698 4169 ns.
706 4123 748 4169 33.
852 4124 885 4171 37
905 4121 971 4171 Utile
982 4127 1008 4170 rt
1018 4121 1062 4170 leae
1071 4122 1162 4185 mie,
1171 4120 1225 4184 bt]
1242 4121 1359 4175 Hucus-
1375 4173 1377 4180 ,

280 4194 313 4241 33
340 4192 452 4241 Adoeem
466 4197 557 4242 mereto
572 4195 666 4258 palatia
683 4196 780 4263 mairie]
820 4210 872 4262 que
894 4196 989 4249 Potes.
1023 4198 1085 4251 dam
1108 4197 1231 4250 Nerola
1251 4215 1361 4268 κομι.

246 4265 781 4338 AEdlficntnminpalatiolianumcybelee
821 4272 877 4324 det.
