3084 4934
585 463 637 512 ao
660 462 741 514 sir.
764 461 805 514 x.
1181 446 1247 513 597

141 614 357 682 commodam
370 623 479 683 tamon
501 619 695 683 sententiam
709 618 769 684 vix
783 617 860 682 inde
876 615 1003 684 elicias.
1040 635 1244 704 qaaecumque

142 718 272 782 moritus
296 715 408 804 Eaigit
429 717 528 782 iratos
552 719 628 786 cdd.
652 725 786 786 recenti.
810 719 908 788 Fam.
931 719 1023 786 Prat.
1045 724 1079 786 et
1102 721 1146 786 al.
1167 740 1244 803 quae

32 846 33 889 z
140 821 344 887 hauddubie
362 826 413 888 os't
435 824 623 889 emendatio
644 828 766 890 nostrae
789 822 953 889 iectionis.
978 830 1008 886 et
1024 843 1132 909 panas
1156 819 1246 888 debet

32 972 33 979 .
141 945 342 1015 quascumque
367 923 475 988 mariti
501 922 636 1012 Exigere
665 923 743 989 irati
765 928 882 1008 corrig.
908 924 1069 990 Schurzfl.
1092 931 1131 990 ut
1152 944 1246 991 mens
1296 977 1303 985 .

32 1024 33 1029 ’
141 1027 252 1114 poitae
275 1030 319 1093 sit
341 1028 434 1095 haec:
464 1025 551 1092 dedet
578 1029 665 1094 iilius
688 1034 767 1093 tuus
790 1028 922 1115 exigere,
948 1029 1123 1107 sustinere,
1145 1029 1246 1108 luere,

32 1196 33 1199 ,
141 1151 255 1196 omnes
273 1129 471 1216 permirari
484 1130 604 1212 mariti,
619 1132 651 1199 h.
665 1151 695 1197 s.
709 1151 796 1217 quas
809 1133 865 1197 hic
880 1132 923 1196 ab
937 1132 1085 1197 adultero
1099 1138 1248 1216 repetere

32 1238 33 1309 3
142 1235 236 1299 solet
285 1234 353 1299 Sed
381 1235 456 1332 quis
477 1253 626 1319 unquam
651 1233 771 1320 exigere
798 1254 906 1319 penos
924 1234 988 1298 hoc
1010 1253 1109 1298 sensu
1133 1233 1244 1299 dixitt

32 1360 34 1413 ς
143 1357 347 1424 quoscumque
368 1332 492 1401 moritis
521 1334 621 1400 Irotir
650 1334 736 1399 debet
759 1339 814 1402 70.
840 1336 893 1402 82.
938 1335 1019 1400 Non
1039 1337 1141 1402 malo:
1170 1355 1249 1402 nam

32 1416 34 1499 ᾗ
138 1459 245 1524 penos
265 1438 320 1504 vol
342 1439 542 1524 supplicium
566 1436 672 1503 debere
695 1436 814 1503 dicitur
836 1439 879 1518 is,
903 1440 958 1504 cui
980 1439 1036 1504 vel
1048 1438 1246 1518 metuendae,

143 1541 196 1606 vel
209 1543 321 1626 potius
334 1542 465 1608 luendae
480 1562 520 1607 ac
535 1543 703 1609 solvendae
717 1548 806 1623 sunt,
821 1548 859 1607 ut
872 1542 940 1609 fere
956 1540 1125 1606 ludibrium
1140 1540 1248 1606 dedere

141 1643 242 1707 ventis
262 1665 316 1729 ap.
343 1644 465 1709 Horat.
489 1643 555 1710 Od.
578 1663 603 1709 1.
628 1646 751 1711 1416.
772 1646 832 1710 ubi
848 1647 921 1732 Jam
940 1646 1066 1713 monuit
1079 1645 1171 1724 Jani,
1186 1645 1249 1710 has

32 1738 34 1823 ῗ
142 1746 299 1830 loquendi
321 1747 445 1812 formas
460 1747 578 1814 ductas
598 1767 673 1813 esse
696 1747 971 1833 eGraeco-o’padr
991 1749 1046 1814 vel
1069 1746 1249 1832 ὀφλισκάνειν

32 1842 34 1929 f
142 1846 261 1936 γέλωτα
285 1869 342 1934 ap.
356 1848 527 1936 Aristoph.
542 1850 634 1916 Nub.
649 1852 748 1916 1031.
763 1858 797 1917 et
812 1851 930 1935 Eurip.
952 1850 1045 1917 Med.
1060 1852 1159 1917 1049.
1202 1850 1251 1916 At

32 1952 34 2019 Q
144 1953 203 2019 vix
218 1952 348 2031 dubito,
363 1954 445 2038 quin
457 1959 571 2021 nostra
584 1953 687 2019 lectio
699 1953 743 2018 sit
756 1972 778 2017 a
787 1952 811 2017 J
813 1952 963 2034 uvenalis
977 1972 1079 2017 manu
1088 1952 1249 2036 profecta,

32 2084 34 2135 2
144 2063 176 2121 et
198 2056 318 2121 deindo
343 2076 365 2120 a
388 2057 532 2121 librariis
558 2055 614 2122 vel
634 2055 857 2135 scholasticis,
887 2055 946 2138 qni
973 2055 1067 2120 illum
1095 2053 1249 2122 infinitivi

144 2159 234 2225 modi
256 2179 365 2238 nsum,
380 2159 422 2223 de
437 2180 503 2246 quo
524 2179 627 2244 supra
648 2159 732 2239 dixi,
745 2159 951 2242 ignorabant,
971 2158 1154 2236 immutata,
1167 2158 1248 2223 sub·

146 2263 261 2327 stituto
275 2262 378 2327 verbo
403 2259 512 2326 debent
525 2263 581 2327 vel
595 2259 693 2340 debet,
709 2261 802 2347 qaod
825 2260 927 2328 docta
946 2280 1076 2339 manus,
1091 2267 1251 2346 tanquam

146 2364 278 2449 ellipsin
311 2366 541 2450 supplendam,
584 2365 726 2450 margini
781 2364 991 2450 ascripserat.
1055 2362 1250 2429 Praestiterit

146 2471 254 2533 tamen
268 2488 470 2555 quaecumque
483 2467 593 2534 meriti
608 2465 746 2556 Exegere
764 2466 827 2547 iro,
841 2466 876 2532 h.
896 2487 927 2532 o.
951 2486 1043 2552 saepc
1057 2469 1247 2547 exegerunt,

146 2569 199 2636 rol
211 2573 363 2658 ἀοριστῶς,
376 2572 510 2657 exigere
524 2572 642 2640 solent.
680 2568 733 2637 cf.
746 2568 827 2637 Jaui
840 2567 917 2639 Art.
929 2567 1022 2656 poet.
1038 2588 1072 2654 p.
1084 2565 1163 2635 291.

1018 2816 1033 2851 Α
