3084 4934
507 436 707 488 axauusos
729 434 782 487 aa
805 436 887 488 sua.
910 436 952 493 x.
1197 424 1263 493 595

150 586 322 640 buleutam
331 587 540 649 relaturorum,
550 599 602 637 arra
612 601 689 638 acen·
727 585 814 637 onmia
833 578 954 637 feruutur
972 592 1091 655 aceeptn.
1132 588 1261 657 Adeoque

149 672 298 728 sutanum
308 665 437 727 laudatur,
454 664 509 715 uela
518 664 644 729 arguitur,
660 669 688 714 et
727 662 847 716 obnoxia
869 678 956 714 ramur
975 665 1062 731 tortio,
1084 673 1115 716 ut
1132 681 1186 717 rora
1203 667 1262 732 ipra

150 756 212 792 eum
223 742 347 792 conuiuiis
366 742 466 793 colitur.
500 742 579 791 Caeca
597 740 688 804 etiam,
727 758 775 807 pro
791 744 852 793 Deo
870 743 913 807 ait,
930 759 981 810 qua
995 746 1068 797 Deua
1086 745 1211 810 probatur
1222 745 1261 795 iu·

150 820 349 883 etincomtuna,
365 828 392 872 et
408 820 573 885 indignorum
588 818 688 870 fautrix
727 821 926 871 certum-Hae
958 821 1059 887 ringula
1091 821 1261 887 improvidam

151 899 312 964 existimata,
322 900 349 950 in
360 906 417 951 tota
427 900 529 951 ratione
536 898 687 949 mortalium
726 895 911 948 mortalitatem
922 894 1074 964 inuoluunt'
1084 899 1135 949 hro.

151 975 357 1043 aolautramque
371 977 491 1044 peginam
509 974 582 1028 fecit.
616 973 687 1026 Huic

566 1439 856 1461 Μ

494 1682 922 1777 excitastis

567 1938 622 1999 ab
638 1946 713 1999 aaa.
731 1944 767 1999 x.
785 1951 843 1998 too.

195 2146 510 2214 Disutrteuwnnu
545 2148 706 2235 majorem
736 2146 840 2232 posui
862 2150 940 2231 post
971 2141 1157 2229 elephantos,
1194 2162 1260 2211 non

97 2255 101 2261 '
150 2257 232 2334 post
257 2250 385 2334 tepenti,
400 2255 438 2315 ut
451 2251 506 2316 hic
522 2268 784 2336 quoqueversus
798 2249 842 2313 ad
857 2247 1036 2332 superiora,
1054 2251 1088 2311 et
1101 2246 1264 2311 ambitum

151 2351 301 2437 lineaque
326 2351 452 2419 Adieae
477 2353 644 2419 referatur.
694 2352 762 2417 Pro
779 2348 901 2423 Rursus
921 2356 1034 2415 tamen
1055 2348 1156 2432 po'e'ta
1176 2349 1262 2413 forte

154 2455 294 2537 scripsit
327 2451 475 2535 Proreus,
502 2457 613 2540 plane.
657 2454 848 2519 Herminius
875 2458 909 2517 et
933 2453 990 2517 alii
1014 2453 1101 2516 hune
1130 2470 1264 2516 versum

152 2560 351 2620 connectunt
365 2577 441 2621 eum
456 2577 548 2641 seqq.
563 2563 602 2622 ut
617 2575 733 2640 pensus
743 2555 809 2621 site
832 2554 1016 2639 AEthiopiae
1032 2554 1065 2619 et
1079 2551 1262 2638 elephantie,

150 2658 184 2724 h.
199 2679 229 2723 e.
247 2658 469 2724 Mauretaniae
485 2680 514 2724 s.
539 2658 667 2724 Africae
683 2656 875 2742 adjungitur
889 2657 1072 2741 Hispania.
1117 2656 1185 2721 Sed
1198 2675 1264 2721 non

151 2761 236 2825 bene
262 2763 311 2826 sie
335 2764 389 2826 vel
414 2761 532 2827 Africa
559 2762 761 2844 designatur,
791 2762 847 2827 vel
865 2762 936 2824 vo'x
959 2758 1096 2845 imperiis
1122 2758 1264 2823 additur.

153 2862 337 2948 -ala'oapae
361 2862 537 2948 elephantos
574 2863 732 2930 exhibent
766 2864 819 2928 10.
848 2863 963 2928 1427.
1004 2864 1118 2928 cta-50.
1149 2861 1264 2926 5474.

152 2970 190 3030 ut
219 2967 390 3049 epitheton
432 2968 476 3032 ad
512 2967 735 3032 diversitatem
780 2967 835 3032 vel
872 2972 1031 3031 terrarum
1065 2966 1195 3049 Libyae,
1230 2965 1265 3028 in

153 3068 275 3153 quibus
297 3070 465 3154 elephanti
488 3071 564 3149 sint,
583 3071 639 3135 vel
663 3071 908 3155 elephantorum
931 3068 966 3134 in
993 3067 1202 3132 Mauretania
1233 3070 1267 3131 et

152 3171 336 3255 AEtbiopia,
351 3169 409 3236 seu
425 3170 599 3257 AEthiopia
613 3172 811 3237 occidentali
822 3179 855 3236 et
873 3171 1037 3248 orientali,
1048 3171 1103 3234 vel
1115 3169 1265 3250 ipsorum

152 3272 350 3358 AEthiopum
377 3280 517 3359 spectet.
570 3275 654 3339 Earn
680 3271 859 3357 significari
881 3273 1041 3357 putabant
1065 3269 1265 3353 Grangaeus3
1392 3262 1407 3269 ”

153 3371 280 3457 Rigalt.
317 3382 351 3441 et
382 3377 450 3455 alii,
486 3382 526 3441 ut
563 3376 623 3439 alii
662 3396 776 3462 propr.
809 3395 894 3440 non>
912 3371 1069 3459 elephanti
1097 3374 1175 3449 sint,
1205 3371 1266 3437 aed

69 3463 75 3474 ’
151 3475 340 3561 AEthiopes.
379 3477 433 3545 Cf.
466 3478 549 3544 Stat.
583 3479 690 3544 Theb.
729 3496 769 3544 x.
801 3479 857 3544 85.
915 3476 1026 3541 Multo
1061 3474 1267 3559 probabilior

154 3578 284 3643 videaur
298 3580 485 3645 emendatio
511 3580 693 3660 Plathneri,
716 3580 774 3664 qui
795 3578 939 3665 albasque
964 3579 1165 3664 conjiciebat
1187 3578 1265 3644 coll.

152 3681 266 3744 verbis
283 3680 477 3748 Ptolemaei:
502 3679 603 3744 Juxta
626 3679 763 3767 Lihpam
778 3703 895 3767 magna
915 3680 1096 3766 AElht‘opum
1111 3680 1208 3767 regio,
1231 3680 1265 3742 ia

150 3803 211 3868 qua
228 3780 397 3866 elephanti,
419 3783 486 3847 alhe'
511 3807 622 3865 omnes,
643 3796 671 3848 et
687 3784 892 3850 rhinocerotes
906 3795 934 3848 et
954 3785 1048 3872 tigres
1065 3795 1147 3848 suat.
1186 3782 1264 3849 Ele·

150 3885 266 3968 phanti
276 3885 431 3966 vulgares
446 3894 522 3953 eunt
534 3888 602 3953 lere
618 3889 750 3967 cinerei,
766 3886 881 3974 (grau)
894 3889 1037 3954 rariores
1051 3890 1141 3953 rubri
1155 3887 1262 3964 arad,

150 3993 182 4052 et
193 3988 357 4068 rarissimi
380 3990 537 4073 caudidl;
565 3992 652 4056 unde
666 3994 701 4055 in
721 3993 833 4074 regnis
851 3991 944 4073 Pegu
966 3998 1000 4056 et
1014 3992 1105 4054 Siam
1126 3990 1169 4053 de
1189 3987 1264 4052 solo

150 4089 246 4154 titulo
275 4087 372 4176 Regio
396 4091 523 4155 candidi
544 4091 699 4177 elephanti
715 4100 854 4157 cruenta
876 4094 957 4192 olim
980 4093 1069 4156 bella
1092 4096 1164 4154 orta
1191 4106 1265 4152 esse

24 4184 25 4187 ’
151 4199 312 4258 memorat
326 4192 375 4260 M.
391 4194 440 4258 Le
454 4195 605 4261 Blaneiu
619 4195 769 4259 Itinerar.
803 4195 883 4259 Hae
894 4194 1121 4258 emendatione
1132 4196 1265 4274 recepta

152 4299 240 4361 totus
253 4295 311 4363 hie
324 4317 442 4372 versus
463 4297 509 4363 ad
522 4298 733 4384 AEthiopiam
757 4297 982 4363 denotandam
1002 4296 1153 4380 pertinet.
1197 4292 1266 4359 Sed
