3084 4934
509 405 706 490 'susanam
748 404 832 462 ssu.
854 402 882 458 s.
1181 370 1248 460 lss'l

139 557 191 608 nec
212 553 301 602 tama
325 565 342 599 a
362 549 488 616 patronis,
515 550 622 602 udsarm
648 555 676 614 at
712 549 792 602 edam
818 555 935 601 stercore
960 547 1120 616 inquinetur.
1163 548 1248 599 Notat

142 624 224 684 hwa
235 627 354 691 channa,
368 629 414 693 qui
431 629 488 678 illos
504 635 561 679 toto
577 629 620 678 die
630 628 676 680 des
713 636 832 691 tempora
843 626 995 691 Domitiani,
1005 626 1098 692 qulbus
1110 626 1190 678 etiam
1202 625 1248 676 tri·

139 702 281 768 duxerant,
302 720 378 756 amna
394 704 677 778 dignari-Dimiagai·
713 706 846 769 omphales
862 712 956 754 statua
974 704 1054 753 seruis
1073 703 1249 754 donabantur·

139 784 183 842 tar
200 780 295 844 orans]
322 781 435 836 Ironice.
468 783 559 833 Nostri
581 782 676 832 divites
715 782 917 845 Latin-Atque
943 779 1109 844 triumphales]
1142 778 1175 830 Id
1197 788 1248 842 est,

140 857 254 914 Romani
268 867 396 912 uceumte
419 859 499 910 totius
524 858 578 909 dici
599 859 676 910 horas
713 858 767 908 itur
784 857 818 907 ad
832 865 926 920 rostra,
942 856 986 907 nbi
996 856 1091 906 habere
1106 856 1191 906 solent
1204 855 1250 906 tn'·

139 935 281 1000 disponere
300 944 330 988 et
347 938 455 1002 pulchre
475 938 553 988 rebus
570 936 678 1001 agendis
715 937 848 1001 urnphales
875 943 975 987 statuas
1002 937 1050 985 viri
1070 936 1175 1000 magni,
1193 936 1249 992 siva

139 1011 300 1069 distribuere
311 1021 340 1064 et
351 1014 472 1066 ordinare
482 1019 584 1064 norunt.
600 1012 676 1064 Idem.
715 1014 863 1079 quadrigas.
899 1014 955 1066 Vn.
965 1013 1022 1062 Sala.

138 1089 230 1154 *lpse
239 1090 300 1155 ates]
315 1092 393 1141 Totos
409 1091 464 1142 dies
474 1091 512 1142 sic
523 1094 678 1140 consumunt
747 1094 796 1154 180
815 1092 903 1141 Nescio
918 1090 981 1156 qais]
1001 1092 1111 1154 Semper
1126 1105 1174 1154 per
1189 1104 1251 1141 con·

138 1167 247 1238 divites,
268 1167 330 1217 duur
349 1167 391 1218 ads
403 1167 555 1232 sportulam,
578 1173 624 1216 aut
644 1166 676 1217 ad
715 1173 824 1217 temtum
835 1168 1101 1233 dicimur-Egyptians
1108 1173 1179 1232 atque
1187 1170 1250 1217 Aru·

140 1246 269 1309 templum
281 1243 411 1311 Apollinis
420 1249 561 1294 tracmtusn
573 1242 677 1294 vadunt.
714 1243 823 1307 hoscum]
841 1244 989 1308 Crispinum
1000 1244 1151 1309 lligyptium
1165 1244 1251 1294 incas·

143 1320 270 1374 Vasco.
317 1357 322 1366 .
715 1321 759 1383 sit,
782 1320 942 1371 tumarchen
960 1321 1031 1370 illum
1050 1335 1155 1379 socam,
1176 1318 1250 1384 quasi

131 1439 134 1442 .
176 1400 224 1447 128
240 1396 364 1460 Sportula]
381 1396 470 1448 Prima
481 1397 535 1449 diei
545 1397 608 1448 hora
618 1410 678 1448 suos
714 1394 832 1447 Arabum
850 1398 986 1459 archonte,
1008 1395 1163 1460 principem,
1184 1395 1250 1446 insi·

139 1478 268 1537 patronos
278 1473 437 1535 salutabant,
448 1481 476 1523 et
488 1474 522 1523 ab
534 1473 566 1523 iis
576 1479 678 1537 sportu-
715 1473 788 1524 diose
806 1480 834 1525 et
850 1474 985 1540 Satyricc:
1004 1473 1047 1523 uel
1064 1472 1177 1522 omnium
1192 1486 1250 1521 uer.

138 1548 195 1600 lam
214 1548 357 1612 petebant:
384 1551 425 1599 uel
444 1550 568 1613 sportulae
587 1562 678 1602 cauma
715 1550 1251 1615 aaramexcanopovelArabiasnmmum

137 1619 527 1691 sanabant-Damnum]
543 1627 617 1677 Hora
625 1626 679 1678 diei
715 1634 745 1679 et
754 1628 904 1691 maximum,
915 1629 942 1679 id
953 1634 1004 1691 est,
1016 1628 1164 1693 pessimum.
1190 1627 1251 1678 For·

139 1704 223 1756 tertia
234 1704 317 1754 forum
326 1704 452 1768 judiciale
468 1708 563 1770 petunt
573 1710 601 1754 et
613 1709 677 1755 tem·
715 1705 800 1756 sobius
810 1706 852 1757 hic
868 1706 946 1756 alium
963 1705 1101 1769 intelligit:
1119 1719 1178 1754 narn
1189 1718 1251 1764 cum

139 1782 215 1845 plum
231 1780 360 1846 Apollinis
377 1782 501 1841 Palatini,
521 1781 566 1831 ubi
577 1781 678 1846 Judicia
715 1796 767 1831 non
784 1788 885 1832 constet
900 1782 934 1832 de
955 1782 1081 1847 regimine
1097 1796 1145 1833 nec
1163 1788 1251 1834 statua

138 1859 317 1923 agitabantur,
326 1866 354 1910 et
362 1874 465 1910 caussas
473 1860 516 1924 agi
523 1859 677 1910 audiebant:
716 1858 843 1923 Crispini3
860 1859 941 1924 magis
952 1860 1100 1924 propendet
1111 1861 1138 1910 in
1149 1867 1253 1911 senten.

139 1934 383 2000 hiquurisperitus
394 1935 500 1985 dicitur.
519 1936 580 1986 Non
592 1936 679 2000 placet
716 1934 899 2000 tismAlcisti,
914 1936 1058 1987 utsit'l'ib.
1091 1936 1252 2001 Alexander,

140 2019 173 2070 nt
198 2011 328 2076 intelligas
355 2012 389 2064 de
415 2013 513 2077 templo
540 2012 679 2077 Apollinis,
716 2012 760 2076 qui
778 2011 887 2076 regebat
900 2011 1043 2077 AEgyptuua
1060 2012 1117 2076 ipse
1134 2013 1251 2077 ejusdam

141 2088 215 2153 qnod
235 2096 397 2150 exstructum
414 2086 466 2138 fuit
485 2094 578 2138 autore
596 2088 679 2138 Tran-
715 2088 838 2147 ustionis,
855 2096 924 2139 teste
934 2090 1030 2140 Tacito
1041 2104 1060 2140 1.
1075 2090 1136 2140 hist.
1148 2090 1190 2140 cui
1206 2089 1253 2139 ad·

126 2165 235 2230 ‘quilhn
250 2166 277 2214 iu
289 2181 321 2216 ea
332 2174 406 2230 parte
418 2166 518 2229 palatii,
534 2181 592 2230 quaa
605 2181 620 2215 a
631 2163 680 2215 ful·
716 2163 858 2228 stipulatur
876 2164 973 2215 Euseb.
991 2167 1009 2218 l.
1021 2180 1053 2217 ιι.
1076 2166 1253 2231 Hieronymus

140 2241 215 2290 mine
235 2242 345 2305 disjecta
366 2240 467 2303 fuerat,
491 2241 535 2290 ubi
558 2241 679 2291 Gulosum
717 2247 804 2291 tamen
820 2241 964 2306 Jusephum
983 2243 1114 2295 adudaeis
1133 2249 1252 2300 creatum

142 2324 204 2372 aaut
224 2316 355 2382 Apollinis
378 2333 476 2370 aereust
504 2318 549 2368 sed
571 2317 605 2367 de
623 2316 679 2369 loro
716 2319 810 2374 ducem
820 2321 932 2384 intelligi
943 2322 1007 2386 vult,
1018 2320 1060 2370 cui
1071 2326 1162 2385 postea
1173 2333 1251 2385 prop·

142 2394 267 2459 Augusti,
285 2395 322 2445 ibi
332 2395 411 2459 enim,
429 2406 458 2445 et
473 2410 525 2445 non
536 2397 563 2444 iu
580 2397 680 2459 templo
717 2402 759 2446 ter
769 2397 910 2464 ingenium,
918 2397 1052 2462 virtutem,
1062 2405 1090 2447 et
1101 2397 1253 2447 vaticinium

138 2471 203 2536 jura
216 2471 407 2535 reddebantur,
423 2479 451 2522 et
461 2472 516 2524 illic
526 2478 583 2526 erat
594 2479 681 2530 statua
717 2474 751 2524 de
762 2475 880 2539 imperio,
894 2475 1068 2540 Vespasianus
1078 2480 1191 2525 statuam
1207 2473 1253 2524 de·

143 2546 275 2611 Apollinis
286 2548 411 2606 eburnea.
427 2549 543 2600 Britmsss.
575 2549 625 2599 Cui
635 2549 680 2599 aa
716 2552 757 2604 dit
780 2554 970 2618 triumphalem.
1001 2552 1069 2604 Vide
1090 2559 1120 2604 et
1139 2551 1256 2603 Turneb-

144 2624 286 2689 stipulatur
319 2625 561 2690 arsag-uuum
588 2626 682 2689 peritas
718 2641 812 2680 xxvrr.
831 2634 874 2681 26.
894 2635 923 2681 et
938 2631 1012 2683 Flav.
1032 2630 1149 2693 Conject.
1166 2642 1192 2678 c.
1210 2632 1253 2677 ss.

142 2703 241 2768 Apollo]
258 2705 312 2755 Aut
324 2706 468 2770 quiajuata
478 2705 608 2770 Apollinis
617 2715 680 2757 tem·
717 2705 800 2757 Brod.
815 2706 926 2758 Miscell.
943 2721 982 2757 rr.
991 2712 1017 2757 2.
1034 2708 1156 2759 Perrhae.
1168 2706 1254 2770 Epist.

144 2781 218 2846 plum
229 2781 379 2846 iurisperiti
393 2783 532 2847 sedebant,
545 2791 573 2834 et
584 2789 680 2833 tracta·
716 2784 894 2849 aa-ttntos]
925 2783 1078 2849 Imaginem,
1105 2782 1255 2847 triumphali

136 2857 228 2921 bant:
258 2867 303 2910 aut
325 2861 386 2927 quia
406 2861 592 2912 bibliothecam
613 2862 680 2927 juris
718 2858 815 2922 effigie,
832 2867 860 2910 et
871 2861 919 2910 sub
936 2876 967 2910 ea
982 2876 1022 2910 res
1034 2867 1121 2924 gestas
1138 2858 1255 2910 breviter

144 2936 239 2999 civilis,
264 2946 293 2987 et
314 2939 461 2990 liberalium
483 2940 627 2990 studiorum
653 2941 681 2989 lu
718 2935 817 2999 positas
827 2943 855 2987 et
864 2937 1017 3001 explicatas,
1029 2936 1098 3001 quod
1108 2942 1168 2985 acta
1177 2940 1255 2986 vocat

144 3016 247 3078 templo
267 3015 396 3080 Apollinis
415 3018 530 3067 Palatini
548 3017 682 3068 dedicavit
719 3010 837 3074 Ovidius,
850 3015 966 3075 Clususque
973 3012 1094 3075 dispositis
1102 3010 1255 3064 adsultus

143 3089 289 3156 Augustus.
325 3096 392 3144 Nam
403 3096 447 3144 hic
464 3101 505 3144 est
515 3094 620 3160 Apollo,
637 3108 681 3143 cu·
718 3088 785 3142 ains.
807 3087 1099 3153 Graug.-sratmtes]
1133 3086 1254 3150 anacius

138 3168 187 3232 jus
206 3176 236 3218 et
253 3169 378 3220 Horatius
398 3172 532 3220 meminit:
558 3172 567 3200 ‘
577 3171 620 3220 Sic
640 3184 682 3220 ure
719 3170 857 3235 legendum
868 3184 926 3219 esse
936 3175 1027 3218 censet
1037 3167 1197 3220 autumes:
1214 3171 1255 3215 est

146 3245 264 3295 serravit
279 3246 394 3310 Apollo’·
423 3249 484 3310 §ive
500 3249 571 3314 quod
588 3249 683 3298 Cicero
719 3249 787 3298 enim
800 3247 974 3311 anatateste
987 3246 1130 3311 Hesychia,
1145 3240 1255 3306 μέλανᾷ

144 3322 682 3386 domumScaevolaeoraculumdixit3sive
718 3323 850 3390 γράφομεν,
878 3324 904 3373 id
926 3332 979 3386 est,
1006 3328 1179 3371 atramentum
1202 3335 1261 3387 quta

146 3399 216 3464 quod
237 3407 290 3449 tam
309 3401 388 3451 devia
406 3402 622 3467 lurisperitorunr
642 3418 683 3452 re-
719 3403 870 3462 scribimus3
887 3400 1031 3451 Alcimedes
1046 3399 1184 3462 scripturae
1202 3413 1255 3448 ma„

144 3490 242 3540 sponsa
248 3478 309 3540 sint,
316 3494 395 3543 quam
403 3478 543 3543 Apollinis.
564 3481 618 3530 Vct.
627 3480 683 3531 Seli.
720 3481 811 3544 gister.
834 3478 890 3528 Cic.
901 3478 934 3526 ad
946 3476 1032 3538 Attio,
1043 3477 1062 3525 l.
1074 3490 1106 3525 ιι.
1118 3475 1202 3539 Epist.
1215 3478 1257 3526 17.

174 3557 230 3602 129
245 3554 325 3618 Atque
335 3555 500 3620 triumphales]
515 3556 623 3606 Scilicet
632 3564 684 3606 sta·
721 3557 787 3619 legit
805 3556 884 3605 etiam
907 3554 1059 3604 Alshuruhes.
1090 3552 1156 3601 Vide
1176 3552 1256 3602 Brod.

147 3636 203 3681 tum
215 3631 359 3692 adeuntur3
379 3632 469 3693 idest,
482 3632 534 3682 itur
547 3632 580 3682 ad
592 3641 685 3694 rostra,
721 3632 835 3682 Miscell.
854 3645 892 3681 ιν.
908 3636 933 3681 2.
945 3631 1104 3680 Ῥιιιιιιαιιιιιιι.
1138 3628 1256 3679 Ruffiuus

147 3707 193 3756 ubi
204 3708 254 3756 viri
264 3708 360 3772 magui,
371 3708 447 3758 rebus
458 3709 546 3760 arduis
559 3710 685 3773 praeclara
721 3709 875 3774 praelectum
891 3709 952 3758 salis
968 3701 1168 3771 interpretatur,
1184 3704 1259 3771 quasi

146 3783 238 3846 gestis,
258 3785 424 3848 triumphales
441 3793 541 3835 statuas
559 3793 606 3834 aut
625 3800 686 3850 qna·
723 3786 888 3850 aGrsjorurn
900 3783 953 3835 las.

146 3858 235 3924 drigas
251 3859 392 3911 habebant.
426 3863 493 3911 Haec
510 3862 594 3911 omnia
611 3870 686 3912 erant
755 3869 802 3914 lar
834 3864 908 3925 Casius
925 3864 957 3911 ud
979 3859 1093 3926 effigiem]
1120 3856 1258 3920 ancujus

147 3936 175 3985 iu
192 3951 245 3988 uno
259 3935 427 3989 form-luter
441 3939 509 4002 uuas]
527 3940 586 3989 scil.
599 3939 687 3988 trium·
722 3941 858 4005 imaginem
869 3941 912 3989 uel
921 3945 1034 3988 statuam
1045 3951 1096 3985 nou
1107 3941 1206 3984 tantum
1218 3932 1258 3982 fas

34 4061 43 4076 ,
148 4014 240 4077 phales
260 4023 372 4075 staturas,
398 4017 477 4066 etiam
497 4017 636 4081 AEgyptius
658 4023 686 4067 et
723 4026 763 4069 est
786 4018 937 4068 solicitum
959 4016 1085 4078 mingere,
1106 4011 1153 4061 sed
1178 4011 1257 4062 etiam

118 4123 130 4136 -
148 4089 316 4143 Arabarches
339 4094 443 4158 qnidam
465 4110 525 4144 suos
549 4095 638 4145 titulos
658 4102 687 4145 et
722 4111 833 4146 cacare:
867 4094 936 4159 quod
963 4098 1072 4156 propter
1095 4090 1257 4142 honestatem

148 4177 347 4224 suamstmuam
363 4172 459 4223 habere
471 4180 616 4235 uususest3
631 4174 687 4237 dig·
722 4173 818 4223 decore
836 4170 968 4221 subticuit.
1001 4168 1044 4217 Sic
1064 4167 1144 4224 Nero,
1166 4167 1258 4212 autore

148 4260 210 4306 ΡΜ
220 4246 355 4310 proteum,
373 4263 430 4315 quaa
446 4265 497 4299 nou
514 4252 598 4300 solum
612 4251 687 4299 urina
722 4247 856 4308 Suetonio,
867 4247 893 4295 iu
902 4244 1039 4296 ludibrium
1049 4235 1191 4307 religionis,
1203 4241 1258 4288 De-

149 4323 306 4394 llsslllllllssl
328 4330 357 4388 tt
385 4326 572 4393 perungatur,
598 4341 687 4382 aeram
723 4324 876 4391 amSyriam
887 4323 963 4374 urina
974 4320 1169 4390 conspurcavit.
1185 4315 1261 4369 uiua
