3084 4934
585 404 723 461 untes
749 405 821 456 xli.

142 549 305 637 Sertaque
317 549 475 631 delubris,
489 556 523 625 et
531 552 621 621 sarra
631 550 929 637 imponiteoultris,

144 650 200 717 Ac
213 653 329 717 molles
341 659 455 718 ornate
466 654 573 734 socos,
586 654 786 739 glebamque
796 655 974 721 virentem:

53 765 55 769 “
145 753 170 820 J
172 772 227 818 am
242 774 373 838 sequar,
388 761 422 821 et
434 776 543 835 sacro,
559 757 649 840 quod
661 760 812 841 praestat,
824 757 885 825 rite
896 760 1046 840 peracto,

147 856 235 922 Inde
250 858 387 923 domum
398 863 557 942 repetam,
572 858 713 940 graciles
727 857 787 921 ubi
799 877 908 942 parra
920 872 1064 924 coronas

146 957 329 1044 Accipiunt
340 960 450 1044 fragili
463 960 643 1025 simulam
654 960 791 1025 nitentia
804 980 892 1029 cera·
978 981 982 987 ·

145 1060 218 1126 Hie
232 1068 380 1127 nostrum
390 1064 536 1147 placabo
546 1060 678 1140 lovem,
693 1059 902 1147 Laribusque
917 1062 1068 1146 paternis
1312 1119 1316 1126 .

146 1163 263 1229 Thura
276 1164 376 1244 dabo,
392 1172 493 1249 atque
506 1183 619 1229 omnes
634 1164 735 1231 violae
742 1167 884 1250 jactabo
899 1166 1040 1233 colores.
1215 1166 1261 1236 90

150 1264 283 1332 Cuncta
294 1268 418 1358 nitente
439 1270 557 1352 longos
572 1268 680 1333 erexit
686 1268 924 1353 januaramos,

147 1367 193 1433 Et
206 1371 377 1435 matutinis
393 1377 550 1457 operatur
563 1370 650 1437 festa
661 1371 816 1453 lucernis.

140 1532 220 1610 fais,
231 1539 302 1607 atquc
310 1535 402 1599 gladiis
417 1537 510 1589 molam
523 1537 648 1598 ferream:
663 1540 771 1591 dronae
787 1540 860 1593 ctiam
874 1547 969 1592 tenerer
984 1542 1097 1605 samiam
1111 1545 1136 1592 st
1149 1540 1261 1607 capitem

144 1600 298 1649 sindonem.
311 1610 314 1617 '
331 1602 394 1650 Mox
403 1605 487 1659 adera·
503 1619 532 1652 oc
545 1603 659 1667 perfecto,
673 1610 700 1654 nt
717 1607 793 1668 decet,
805 1607 867 1655 sacri
885 1607 931 1670 cio,
942 1609 1004 1671 quod
1015 1612 1050 1658 eet
1065 1607 1188 1672 optimam,
1204 1606 1260 1659 ltine

145 1669 254 1714 rerertn
265 1665 291 1712 in
303 1667 372 1728 ades,
389 1667 431 1715 sbi
447 1668 543 1730 eatgrroe
561 1669 677 1732 imagines
693 1684 748 1720 cers
769 1672 835 1721 nulli
864 1675 970 1735 westre
985 1673 1134 1723 baubatus
1151 1672 1261 1723 tenuibus

146 1730 249 1779 corollis.
282 1730 322 1778 lbi
333 1735 461 1781 nostratem
471 1733 555 1782 Jooers
564 1734 695 1798 propitiam
705 1736 812 1800 reddam,
826 1741 851 1786 ct
866 1738 921 1786 tiras
931 1738 1026 1787 dolebo
1037 1736 1169 1788 Penatibus
1180 1737 1262 1801 aritia

146 1795 265 1857 statuque
273 1795 362 1844 dieas
372 1798 457 1846 eoloris
466 1812 587 1861 spargare.
625 1800 741 1848 Universa
755 1801 812 1863 jam
828 1804 917 1851 menda
926 1808 997 1852 sunt:
1012 1803 1099 1852 ostiam
1109 1817 1187 1851 aanor
1196 1802 1261 1851 rouo

48 1887 51 1895 ι
148 1857 269 1923 omos,
279 1860 545 1919 assectantium
560 1863 654 1927 tegitur
663 1864 817 1928 lampadibus.
851 1867 892 1916 Ns
906 1881 961 1920 ocra
978 1867 1026 1918 ttbt
1042 1868 1091 1917 teto
1106 1866 1262 1931 uspictorrcm

615 1994 629 2014 O
632 1994 796 2015 nummu

144 2087 200 2152 jam
211 2085 390 2152 sedata,tnrrs‚
406 2088 452 2138 nbi
468 2089 496 2139 in
515 2096 620 2155 portum
636 2095 806 2157 venere.7—86
824 2091 860 2141 Et
871 2096 912 2143 15.
945 2093 1030 2143 laute
1046 2090 1128 2157 (forte
1138 2090 1264 2157 aanor)

143 2150 331 2212 soconda-86
346 2154 499 2231 qaod-restat
517 2160 542 2206 9.
560 2170 621 2206 am.
643 2161 763 2207 sec-89
782 2156 838 2207 Hoc
854 2161 962 2208 aa—tu
982 2158 1170 2211 cunctantium
1187 2162 1264 2207 lo.-

150 2222 182 2268 92
193 2223 308 2283 operatur
319 2224 424 2269 restatur
432 2234 464 2269 ex
476 2224 516 2269 lo.
530 2225 570 2272 ll.
579 2225 619 2271 12.
630 2225 805 2272 tettae-oo.
816 2226 857 2272 54.
869 2228 910 2273 bb.
920 2226 1006 2275 ⁶759.
1018 2227 1059 2275 71.
1068 2227 1109 2276 72.
1121 2227 1162 2277 78.
1171 2225 1264 2274 lbslsss

653 2334 759 2386 NOTAE

151 2427 268 2488 asenna
286 2430 330 2481 illa
346 2432 498 2498 observans,
508 2434 598 2500 quieto
614 2439 642 2484 et
656 2433 687 2484 li·
726 2446 784 2483 cern
797 2431 917 2483 henne.

149 2505 214 2559 bero
225 2509 314 2560 ammo
331 2524 388 2559 esse
407 2510 515 2577 poteris,
530 2516 562 2561 ut
582 2511 616 2561 sd
631 2525 687 2561 rem
759 2517 792 2563 89
803 2512 918 2578 Μῦν]
938 2512 994 2563 Sat.
1005 2526 1066 2563 vrrr.
1076 2514 1119 2564 1⁴.
1132 2511 1230 2562 Annot.

150 2585 293 2648 gerendam
323 2601 375 2635 non
405 2586 614 2651 superstitionem
641 2588 686 2637 ba·
758 2595 791 2640 so
810 2592 898 2641 Omnes
908 2589 1079 2652 eistatenses
1087 2589 1188 2655 colores]
1202 2589 1266 2640 Vio·
1303 2596 1306 2603 ’

150 2661 223 2726 beas,
232 2662 280 2711 sed
289 2663 414 2713 rationem
424 2663 515 2714 ducem
525 2663 543 2712 ?’
554 2667 604 2713 &a
620 2664 687 2713 Erat
726 2667 764 2716 las
778 2682 929 2739 purpureas,
942 2667 1022 2730 albas,
1032 2668 1126 2716 luteas.
1210 2677 1212 2681 ·

150 2738 234 2804 igitur
254 2741 369 2790 solennis
391 2742 446 2792 bac
465 2740 577 2791 formula
597 2742 623 2791 in
643 2743 687 2792 Sa·
760 2743 1267 2806 91enarrassentJDomisuntparats
1318 2784 1322 2795 .

151 2819 212 2881 cris,
230 2826 262 2869 ut
278 2828 308 2870 et
327 2820 458 2870 silentium
479 2820 650 2884 indiceretur,
661 2827 689 2871 et
729 2818 763 2869 ad
780 2834 835 2868 rem
847 2820 968 2883 divinam,
976 2825 1005 2870 et
1019 2819 1054 2868 sd
1073 2818 1175 2868 latitia
1187 2815 1269 2867 docnt

151 2891 243 2945 faune
255 2896 426 2960 cogitationes
436 2911 468 2946 ac
484 2902 544 2946 vota
557 2897 691 2946 mentibus
729 2903 846 2945 mentum
859 2898 952 2958 omnia,
966 2896 1023 2960 jam
1039 2910 1054 2943 a
1067 2906 1166 2943 summo
1179 2907 1265 2944 mane·

152 2972 378 3035 praeciperentur3
402 2984 436 3022 ne
456 2980 508 3037 qua
532 2975 601 3023 maia
628 2988 689 3039 vox,
729 2972 781 3020 Vel
792 2972 878 3022 Poeta
889 2973 991 3021 indicat
1005 2971 1045 3019 bis
1062 2969 1159 3031 verbis,
1170 2975 1267 3018 cuncta

153 3064 219 3101 nere
232 3050 294 3115 qaid
306 3051 366 3100 mali
378 3051 469 3101 ominis
480 3051 623 3101 accideret.
724 3049 781 3113 jam
791 3064 806 3097 a
817 3048 940 3098 ministris
951 3049 985 3099 ad
996 3045 1151 3096 sacrificium
1162 3060 1266 3112 compa·

184 3131 217 3177 st
234 3128 352 3192 Sertaque
369 3128 484 3193 delubria]
498 3128 610 3193 Templa
620 3126 690 3178 flori·
729 3131 800 3175 rats.

153 3203 202 3254 bns
214 3212 350 3254 exornate.
761 3205 794 3250 92
812 3200 943 3255 Matottnis
954 3205 1065 3265 operator
1075 3196 1143 3263 sesto
1154 3194 1269 3264 turmis]

185 3281 267 3329 Ferro
288 3280 402 3344 imponite
428 3280 524 3344 cultris]
552 3280 634 3343 Mola,
655 3295 688 3329 ex
728 3276 774 3327 Sic
802 3278 900 3342 legitur
921 3279 1015 3342 vulg03
1044 3285 1073 3328 et
1104 3277 1208 3343 qnidam
1233 3290 1267 3327 ex

154 3354 233 3420 farre,
244 3357 309 3419 sale,
321 3364 349 3405 et
361 3372 436 3421 equa,
452 3358 571 3407 solebant
586 3357 689 3421 aspergi
728 3353 813 3403 veteri
824 3354 909 3407 senat.
925 3359 1062 3420 operantur,
1073 3354 1101 3403 id
1112 3361 1163 3419 est,
1173 3353 1269 3405 sacrifi·

154 3432 202 3481 tria
213 3433 280 3496 hec,
287 3432 363 3497 ignis,
374 3439 455 3497 caput
465 3433 589 3497 victimae,
602 3440 629 3483 et
637 3434 690 3483 col·
713 3434 799 3494 ‘cant‚
810 3430 915 3480 solenne
927 3430 1042 3480 verbum.
1076 3431 1168 3481 Placet
1179 3436 1269 3481 tamen

155 3509 188 3559 tri
199 3511 294 3575 quibos
306 3510 350 3558 illa
361 3512 499 3560 mactanda
508 3517 575 3563 erat.
729 3507 804 3572 sequi
812 3507 1019 3557 emendationem
1030 3506 1100 3559 Justi
1109 3506 1201 3570 Lipsii,
1209 3521 1268 3572 quae

187 3590 218 3634 8⁵
237 3587 324 3635 Malles
329 3585 410 3652 faor]
425 3589 476 3636 Seu
488 3587 559 3653 quod
570 3594 690 3638 recenter
730 3589 772 3632 est
794 3583 909 3647 operitur,
925 3584 1010 3634 Elect.
1027 3598 1046 3635 1.
1065 3589 1089 3633 3.
1116 3583 1162 3633 ubi
1181 3584 1270 3648 vulga·

155 3661 260 3724 stracti,
272 3676 320 3711 seu
338 3660 409 3727 qood
423 3678 438 3713 e
452 3664 538 3728 thure,
548 3666 637 3713 molles
648 3680 694 3727 vo·¹
732 3675 788 3710 rem
807 3659 947 3710 lectionem
967 3661 1031 3710 albis
1048 3660 1169 3710 dentibus
1183 3657 1268 3709 ridere

156 3741 207 3787 cat„
223 3737 284 3787 Hoc
296 3737 692 3802 posterioshabetretusScbol.
733 3755 761 3790 se
782 3740 836 3788 eit:
856 3740 981 3804 praeclare
1002 3754 1064 3789 vero
1087 3739 1223 3800 observat,
1240 3737 1270 3805 in

190 3815 334 3878 Gtsbnmqse
353 3816 479 3880 attentem]
499 3815 579 3866 Aram
601 3833 616 3867 e
638 3833 693 3867 ces·
734 3817 802 3866 omni
823 3817 928 3880 publica
948 3818 1102 3882 privataque
1118 3815 1210 3866 laetitia
1227 3814 1267 3863 lu·

159 3889 224 3956 pite,
235 3892 398 3957 herbosaque
410 3901 489 3945 terra.
506 3894 591 3958 Supra
602 3910 641 3942 vs.
652 3898 676 3944 2.
733 3906 825 3942 cernas
852 3893 965 3957 appendi
993 3892 1159 3942 consuevisse
1181 3890 1269 3939 domo·

190 3971 223 4019 86
242 3968 311 4022 Quod
318 3968 429 4032 meda]
440 3968 521 4030 Alias,
532 3971 693 4026 Qsod'rcstat.
734 3983 792 4016 rum
810 3967 918 4032 foribus,
939 3967 1060 4017 fenestris
1079 3968 1173 4018 etiam:
1203 3965 1268 4015 item

189 4049 221 4093 87
239 4044 346 4092 Domum
357 4042 474 4107 repetam]
491 4042 545 4094 Ubi
557 4046 638 4094 etiam
650 4043 694 4095 do·
734 4044 869 4095 arboribus
891 4046 1032 4106 interdum,
1043 4048 1101 4108 δια,
1122 4042 1269 4105 ibidemque

160 4120 282 4170 mesticos
297 4123 367 4171 Deos
378 4122 486 4185 placabo
498 4128 526 4171 et
537 4123 628 4173 colam.
734 4123 885 4188 subjungit:
914 4124 987 4173 addit
1017 4123 1113 4185 Poeta,
1136 4119 1270 4184 matutinis,

151 4222 153 4225 v
192 4194 325 4246 Stemma
342 4199 447 4246 nitentia
468 4198 534 4263 cera]
550 4199 618 4249 Vide
638 4200 694 4251 Sat.
734 4213 787 4249 non
799 4201 854 4250 sine
865 4201 976 4265 satyrico
993 4215 1090 4262 morsu,
1107 4197 1180 4263 quasi
1196 4197 1268 4246 claro

162 4284 187 4324 x.
203 4286 242 4323 rs.
262 4278 303 4326 55.
325 4272 475 4338 ibidemque
495 4283 583 4327 annot.
602 4276 636 4327 ad
652 4291 695 4327 vo·
734 4276 778 4328 die
787 4293 851 4343 opus
861 4284 931 4328 esset
939 4278 990 4329 aba
998 4279 1067 4329 luce.
1082 4274 1175 4327 Senec.
1183 4271 1269 4338 Epist.

224 4354 311 4420 napa.
320 4360 345 4405 et
359 4355 417 4406 Ver.
430 4356 495 4408 Cloe.
691 4358 751 4409 Jos.
887 4348 890 4353 ¹
1152 4358 1169 4406 d
1185 4353 1203 4404 S
