3084 4934
273 402 339 476 uss
622 428 657 476 n.
681 417 786 476 sunu
810 418 1025 479 sortiamus
1080 454 1084 461 ·

272 570 432 637 Securum
445 562 621 635 valetllmo
634 575 731 636 mine.
753 606 756 607 f
776 569 873 637 bfitrs
889 569 999 653 Offla,
1015 573 1142 656 Gaesar,

272 673 386 739 Mitto:
410 673 468 738 sed
488 674 522 738 in
534 690 653 757 magna
664 675 812 757 logntum
826 692 938 762 quaere
952 678 1089 763 popina.

271 766 427 841 Invenies
440 775 554 859 aliquo
570 790 647 840 cunr
661 790 859 860 percussore
872 782 1049 865 jacentem,

271 877 475 957 Per-mixtum
489 879 609 958 naulis,
625 887 658 945 et
671 880 809 959 furibus,
824 901 865 946 ac
880 882 1040 969 fugitivis,

271 979 361 1059 Inter
375 978 606 1059 carnificeset
619 978 733 1061 fabros
744 983 1004 1070 sandapilarum,
1263 1008 1264 1013 ¹
1307 988 1377 1059 175,Ι

268 1202 345 1249 udum
355 1200 397 1249 illu
407 1205 467 1251 dus
473 1204 561 1265 potest.
594 1201 709 1266 Dimitte,
721 1202 812 1268 Goesar,
820 1203 922 1255 dimitte
937 1209 1031 1268 pertas,
1042 1210 1069 1256 nt
1086 1206 1113 1255 iu
1129 1204 1219 1268 insigni
1228 1204 1325 1256 labeum
1336 1207 1372 1255 irr-

268 1265 361 1327 ngsliga
370 1266 482 1327 legatum.
509 1266 630 1329 allepemer
639 1267 822 1318 discumbentem
831 1286 885 1319 cum
895 1270 982 1320 neuma
998 1272 1107 1333 quodum,
1119 1272 1197 1320 nnufis
1205 1271 1326 1331 januam,
1335 1271 1374 1321 orl

262 1326 369 1394 ficubus,
385 1332 421 1379 uel
433 1330 559 1394 fugitiuis,
571 1328 677 1381 tortum
687 1332 750 1383 iuter
764 1339 788 1382 et
797 1333 945 1395 fururorum
960 1336 1072 1402 unifines,
1087 1342 1158 1409 atque
1173 1340 1287 1402 tympana
1305 1337 1373 1386 Galli
1397 1396 1399 1400 Ι

734 1472 912 1497 alomenu

268 1528 314 1608 rar
332 1545 421 1608 libau
433 1563 516 1611 rr-nr.
527 1564 568 1611 nr.
585 1538 722 1613 assesso.
741 1566 827 1615 or-aa.
844 1554 886 1614 ns.
904 1540 1371 1624 ⁷1.'72‡n‘.u.-1uuguaair.
1470 1600 1476 1605 .

266 1624 390 1673 ru.-1la
407 1624 558 1675 Permixtura
577 1630 658 1677 1⁷·24.
670 1629 712 1677 27.
731 1630 773 1679 l&
791 1633 927 1682 1911164.
959 1630 1106 1679 Permislam
1123 1629 1150 1679 in
1169 1627 1284 1693 reliquis.
1317 1626 1373 1677 Sed

264 1687 310 1737 illa
321 1688 450 1752 scriptura
458 1690 563 1740 rectior.
579 1705 606 1740 v.
617 1688 711 1742 cellar.
721 1693 835 1757 orthogr.
847 1695 919 1747 latin.
932 1709 992 1759 pag.
1001 1699 1058 1744 29⁰.
1070 1694 1112 1744 ed.
1124 1693 1226 1743 Harles.
1258 1690 1374 1752 ulfari«

266 1751 317 1814 aaa,
328 1757 371 1801 aar
381 1752 498 1817 maana
509 1759 551 1805 ro.
569 1760 612 1819 ιι.
628 1761 668 1806 rr.
681 1761 721 1821 rs,
733 1761 773 1809 rr.
786 1762 922 1810 ronnas.
938 1764 1022 1810 raso.
1034 1763 1118 1810 arua
1134 1763 1177 1808 aa.
1188 1761 1273 1808 saon.
1285 1761 1372 1807 rura

264 1832 294 1871 ‘⁸⁰
306 1816 406 1877 filiii⁸
415 1823 440 1873 li
451 1819 476 1881 f·
488 1824 528 1870 1⁸·
561 1820 688 1883 “filiiiw
697 1821 752 1883 lis·
767 1827 893 1879 23.·-l⁷⁶·
900 1825 994 1890 flabros
1003 1823 1180 1888 sandapilarum
1190 1823 1257 1871 male
1269 1820 1370 1872 eruend.

265 1882 376 1949 Yulcan.
386 1884 412 1936 h.
422 1898 446 1933 e.
459 1885 571 1942 nondum
582 1887 720 1952 magistros
731 1888 805 1955 artis,
817 1889 938 1953 quoniam
947 1892 974 1939 iu
986 1886 1070 1941 Gloss.
1087 1884 1182 1940 Isidori
1195 1886 1272 1954 flubii
1283 1881 1372 1936 dican·

764 2012 872 2071 NOTAE

263 2090 314 2160 uon
324 2110 423 2175 procul,
433 2102 492 2162 atis
504 2112 630 2163 obductus
640 2114 725 2164 arenis
733 2113 798 2180 fuit,
836 2117 854 2169 J
856 2131 951 2167 avenes
961 2114 1106 2167 istiusmodi
1117 2115 1172 2179 apti
1183 2119 1243 2164 snn't
1253 2084 1289 2163 ad
1297 2120 1370 2163 tuen·

261 2191 438 2242 circaannum
450 2197 507 2243 860.
539 2193 638 2244 Narrat
650 2194 797 2245 Politianns
837 2191 896 2242 dam
909 2188 1371 2257 Imperatorissalntemfficsubeun-
1472 2262 1474 2267 1

263 2277 390 2336 exceptos
418 2270 502 2321 Rheni
532 2271 674 2322 vorticibus
700 2286 800 2335 pueros,
837 2267 928 2334 dapne
938 2283 970 2319 eo
981 2268 1044 2319 belli
1056 2266 1213 2318 discrimina.
1293 2300 1303 2305 -

166 2336 193 2393 ⁵.
262 2344 394 2416 suffocari,
411 2348 433 2397 si
451 2347 591 2397 adulterini
606 2346 717 2410 inerint;
732 2347 796 2414 legi·
870 2350 916 2396 171
934 2345 1011 2395 Mitte
1026 2345 1097 2408 astu,
1115 2341 1209 2406 Coesur]
1241 2342 1267 2393 0
1282 2341 1371 2406 'Nera

261 2422 337 2480 timos
349 2430 436 2473 autem
447 2423 550 2489 placide
561 2424 595 2474 ad
606 2425 689 2490 ripam
699 2425 795 2476 incolu-
836 2421 869 2489 ad
881 2420 1014 2473 fluminum
1026 2436 1072 2471 ora
1089 2420 1174 2483 mitte,
1189 2433 1223 2469 ne
1239 2432 1303 2469 vero
1312 2418 1370 2482 ipse

261 2512 316 2549 mer
329 2498 399 2565 ejici.
743 2498 747 2509 '
835 2500 896 2549 belli
908 2501 990 2550 aleam
1002 2508 1031 2551 et
1048 2499 1164 2564 pericula
1183 2504 1285 2547 tentare
1298 2496 1370 2546 velis.

294 2574 370 2639 Istro]
396 2575 460 2625 lsler
471 2575 514 2640 qui
527 2581 555 2626 et
570 2577 698 2628 Danubius
707 2570 795 2644 appel·
835 2567 1006 2629 Rebellantes
1031 2578 1158 2629 Armenes
1182 2576 1231 2642 pe'r
1255 2575 1369 2639 legatum

261 2649 481 2717 latur,flnminu'rn
494 2653 600 2718 Imperii
612 2655 723 2706 Romani
734 2664 796 2723 post
835 2659 946 2724 aliquem
963 2659 1070 2710 domare
1086 2662 1172 2722 potes.
1206 2655 1276 2718 Ergo
1293 2653 1370 2704 mitte

260 2727 351 2776 Nilum
365 2727 460 2791 primas
478 2735 605 2792 tenetex
625 2732 747 2784 Sallustio
765 2741 795 2784 et
835 2735 869 2785 ad
889 2736 955 2785 ostia
976 2735 1108 2795 Tiberina,
1128 2731 1172 2796 qni
1193 2743 1285 2780 navem
1307 2744 1368 2779 oum
1457 2768 1462 2778 .

259 2803 386 2867 Varrone,
402 2803 472 2868 ap‘ud
488 2804 576 2870 Agell.
593 2821 620 2858 x.
636 2813 661 2858 7.
687 2809 794 2859 Fluvios
834 2811 952 2862 exercitu
963 2813 1128 2873 conscendat,
1141 2814 1169 2859 et
1179 2822 1210 2858 eo
1221 2804 1370 2873 proficisca-

259 2879 371 2945 Europae
382 2883 507 2931 maximus
519 2884 587 2947 apud
599 2885 712 2935 Ptolem.
724 2886 794 2939 Plin.
835 2894 887 2936 tur.
921 2887 971 2936 Vel
988 2882 1262 2947 sensnsest,'diruitte
1278 2876 1368 2933 curam

259 2970 298 3007 rr.
311 2961 351 3008 17.
361 2957 465 3021 ‘later,'
477 2958 571 3024 inquit,
582 2962 590 2987 ‘
600 2960 682 3010 oritur
691 2962 719 3010 in
727 2962 793 3023 Ger·
834 2969 966 3028 portuum,
985 2969 1013 3012 et
1033 2963 1099 3012 lrauc
1118 2962 1205 3026 legato
1224 2957 1368 3020 committe,

257 3033 349 3084 manin
364 3035 436 3100 jugis
447 3036 541 3085 montis
558 3035 686 3101 Abnoba,
702 3053 735 3087 ex
747 3038 792 3089 ad·
833 3032 972 3103 ingruente
988 3039 1068 3088 bello.
1100 3031 1251 3085 sarcasmus
1271 3035 1325 3082 tam
1341 3033 1369 3095 in

256 3124 333 3161 verso
350 3110 464 3162 Rauraci
476 3112 570 3163 Galliae
589 3108 689 3179 oppidi,
704 3115 799 3177 multis,
833 3112 976 3179 Neronem,
994 3129 1070 3181 quam
1081 3114 1109 3163 in
1122 3112 1210 3163 Duces
1222 3110 1256 3161 ab
1267 3124 1297 3160 eo
1307 3110 1369 3160 mis·

257 3188 326 3237 ultra
337 3186 418 3253 Alpes
429 3189 548 3253 millibus,
566 3204 596 3240 ac
613 3204 661 3254 per
676 3191 792 3241 innume·
831 3208 883 3243 sos.

256 3279 299 3314 ras
321 3266 407 3330 lapsas
427 3274 518 3331 gentes
539 3268 657 3319 Danubii
679 3262 793 3332 nomine,
866 3273 913 3319 172
922 3270 1039 3334 [agnum
1047 3265 1137 3332 owe]
1149 3263 1309 3315 Mittendum
1319 3275 1368 3328 pro

255 3339 381 3395 immenso
403 3358 528 3407 aquaram
552 3350 641 3406 auctu,
669 3351 697 3393 et
722 3345 792 3393 unde
833 3352 859 3394 te
870 3345 1001 3408 iubentes,
1012 3358 1070 3393 cum
1082 3341 1220 3392 mandatis.
1267 3342 1270 3345 '

258 3409 369 3482 primum
380 3419 514 3483 Illyricum
526 3419 610 3481 alluit,
621 3419 691 3468 Ister
703 3414 793 3484 appel·
865 3424 912 3471 178
931 3423 993 3471 Cum
1001 3415 1269 3484 percumorsjdcerlem]
1290 3415 1367 3467 Adeo

257 3494 334 3556 latus,
356 3495 492 3558 sexaginta
520 3495 637 3545 amnibus
666 3496 791 3560 receptis,
833 3495 871 3544 sui
885 3510 990 3561 suaeque
1003 3493 1268 3560 diguitatis'oblivisci
1281 3492 1367 3543 solebt

257 3569 343 3619 medio
359 3568 441 3618 ferme
459 3564 566 3620 numero
584 3564 671 3621 eornm
690 3570 793 3635 naviga·
832 3570 937 3635 ebriosi,
948 3579 977 3621 ut
987 3587 1045 3621 curn
1055 3570 1132 3621 obvio
1143 3568 1367 3636 quolibetlrellua·

256 3643 312 3707 bili,
322 3644 349 3693 in
360 3645 474 3694 Pontum
493 3646 574 3696 vastis
585 3661 631 3696 sex
642 3644 792 3698 fluminibus
832 3649 855 3697 ri
875 3663 926 3698 non
944 3647 1110 3710 erubescant,
1127 3646 1156 3696 e't
1174 3647 1202 3696 in
1222 3659 1367 3709 cauponam

255 3720 526 3773 arcivilum-Haec
549 3723 616 3774 ostia
640 3732 719 3788 porro
741 3724 792 3773 sin·
831 3724 879 3774 ire.
1037 3728 1041 3729 ⁷

255 3796 316 3862 gula
326 3803 400 3849 tauta
411 3803 480 3859 suut,
491 3804 521 3849 ut
531 3799 657 3863 prodatur
668 3798 696 3849 in
712 3798 793 3865 quad·
863 3803 911 3848 171
929 3796 1064 3862 Fugitiuis]
1080 3795 1166 3846 Servis
1183 3810 1268 3861 poenae
1284 3802 1368 3860 metu,

255 3875 359 3941 raginta
378 3875 458 3924 millia
478 3890 600 3939 passuum
621 3875 791 3942 longitudinis
830 3875 873 3925 vel
894 3876 1027 3925 servitutis
1046 3873 1220 3939 impatientia,
1240 3870 1365 3938 fugienti·

254 3950 325 4001 vinci
337 3965 416 4016 mare,
429 3948 583 4016 dulcemque
594 3952 705 4015 intelligi
716 3953 790 4001 baus-
830 3949 886 4001 bns.

254 4025 328 4076 tum!
352 4026 423 4076 Istro
435 4033 535 4091 septem
547 4042 591 4076 ora
603 4027 718 4090 assignat
729 4026 791 4077 Am·
863 4029 909 4076 175
927 4024 1118 4090 Surdapilarum]
1152 4025 1211 4074 Hoc
1223 4030 1280 4075 erat
1295 4022 1363 4075 fere·

252 4101 332 4153 mian.
344 4102 464 4153 Marcell.
497 4102 535 4153 At
546 4117 614 4152 nunc
626 4102 790 4153 ductantum
830 4107 898 4151 trum
916 4101 1077 4166 plebeiorum
1097 4116 1129 4151 ac
1147 4100 1267 4151 viliorum
1285 4100 1366 4150 homi·

253 4178 410 4244 navigabilia
427 4194 486 4230 esse
504 4177 663 4244 referuntur,
693 4179 789 4229 ceteris
828 4192 898 4227 unm.
932 4178 1037 4227 Sneton.
1050 4177 1195 4228 Domitian.
1205 4192 1229 4228 c.
1241 4181 1281 4226 17.
1298 4177 1364 4227 ‘Ca-

251 4269 330 4305 arena
344 4256 495 4306 obstructis.
828 4253 908 4302 darer
932 4253 989 4316 ejus
1012 4253 1130 4321 populari
1153 4252 1290 4320 sandapila
1313 4262 1364 4319 per

286 4333 408 4383 Praetura
435 4334 553 4384 Neronem
578 4349 686 4384 samaram
712 4329 787 4396 vals]
827 4330 984 4396 vespillones
996 4329 1181 4395 exportatum!
