3084 4934
261 381 328 449 538
715 363 915 445 uxcunsus

263 540 389 594 sociorum
401 538 506 607 quidem
518 553 551 590 sc
567 546 702 591 nanterum
720 556 796 593 sures
835 542 995 608 mulcerique
1006 548 1263 609 commeantum
1278 556 1367 608 gress-

263 634 324 672 cern
336 619 462 670 occlusit:
480 619 537 684 ipse
547 633 608 669 vero
619 634 647 669 se
655 619 689 669 sd
700 620 796 684 mulum
837 627 877 669 tos
885 635 974 672 somno
982 620 1118 689 lacerent!
1135 620 1201 670 Hes
1210 620 1279 671 Plio.
1289 616 1366 671 mli.

259 696 338 761 jussit
345 695 455 759 elligari.
833 695 903 745 Vide
924 695 979 746 Cic.
999 694 1032 744 de
1047 693 1143 745 finibus
1163 696 1180 746 l.
1197 711 1223 746 v.
1238 711 1265 746 n.
1280 699 1322 746 49.
1338 703 1367 745 et

296 778 344 824 15⁰
360 771 557 837 Siculosrmtrs]
575 766 796 823 SirenusAclrsloi
835 770 933 822 Athen.
944 786 964 822 1.
976 776 1016 822 12.
1038 770 1138 822 Fabul·
1147 771 1267 822 Sirenum
1277 771 1367 836 volup·

263 848 796 914 duriietcnlliopesNymplroetresliliss,
835 848 1000 899 tetescaruis
1017 845 1154 910 fugiendus
1176 847 1301 910 ostendit,
1318 862 1368 898 uer

264 943 329 993 ques
349 926 499 977 fabulantur
520 926 653 990 superiore
678 926 796 988 corporis
836 924 1001 990 nliterquum
1016 922 1077 987 fuga
1096 923 1258 990 usufrugiunr
1274 923 1369 976 evilsri

264 1010 339 1068 purte
357 1004 482 1068 virginum
494 1002 601 1054 formam
617 1001 795 1065 habuisse‚in-
838 1000 933 1066 probat
954 1001 1056 1065 Ulyssis
1077 1002 1234 1065 exemploru.
1274 999 1322 1051 His
1341 1002 1369 1051 S.

263 1080 391 1131 feriorein
407 1081 502 1144 piscem
518 1079 667 1130 desinentes
683 1093 796 1129 semon-
838 1077 1011 1144 Hieronymus
1022 1079 1115 1140 utitur,
1134 1085 1164 1128 nt
1180 1077 1315 1127 vitandum
1331 1091 1369 1130 rr·

265 1163 378 1217 strosss3
405 1163 521 1207 ceterum
546 1155 683 1207 dulcedine
705 1161 796 1206 cnutus
835 1160 906 1205 seret
916 1164 1063 1220 suspectum
1076 1154 1283 1205 contubernium.
1303 1154 1369 1205 Por-

263 1233 352 1283 solius
363 1233 468 1283 allicere
479 1239 653 1295 transeuntes,
664 1247 727 1298 quos
738 1247 797 1295 per·
837 1247 866 1283 ro
877 1233 987 1282 morinos
1002 1231 1118 1281 homines
1129 1236 1220 1281 extare
1234 1230 1369 1296 utriusque

263 1308 365 1373 dorent,
393 1316 439 1360 ant
464 1309 629 1359 devorarent.
687 1307 741 1356 Hes
768 1309 797 1357 in
837 1298 1001 1371 serus,lrand
1019 1306 1205 1357 dubitandum:
1223 1306 1369 1373 quodsum·

262 1394 376 1438 monstro
387 1387 486 1437 murino
497 1400 633 1437 conversas
643 1385 715 1435 enuit
734 1384 798 1436 Ovi·
837 1399 935 1435 morum
953 1384 1094 1434 auctoritas
1110 1383 1236 1446 virorum,
1252 1384 1321 1450 quod
1341 1390 1369 1434 et

266 1463 323 1516 dius
334 1466 401 1516 Met.
409 1479 435 1514 v.
443 1464 508 1514 Fal).
518 1467 543 1513 9.
555 1463 664 1527 sepultae
676 1461 800 1511 dicuntur
839 1462 918 1512 evicit
930 1477 981 1512 uon
999 1462 1110 1527 simplex
1127 1461 1301 1526 experientis,
1320 1477 1369 1512 nec

262 1538 800 1606 adpromontoriumsinumqnel'aestsnum
839 1538 907 1588 haud
918 1538 954 1588 itu
965 1538 1075 1604 pridem.
1102 1540 1146 1590 De
1156 1539 1249 1604 quibus
1260 1538 1370 1604 amplios

204 1612 208 1617 ’
263 1615 427 1678 islanorum
443 1613 798 1678 undenomentribuspsrvis
837 1614 1062 1665 dicemusstat
1074 1619 1201 1667 num

264 1692 370 1754 insulis,
393 1708 452 1758 quse
473 1698 534 1742 sunt
552 1691 633 1742 veluti
649 1691 750 1754 scopuli
770 1692 798 1740 in
870 1691 971 1756 Bersige
990 1692 1073 1756 surdo]
1111 1694 1176 1744 'lum
1196 1695 1229 1744 ud
1250 1693 1370 1745 Sirenum

264 1768 309 1819 illo
317 1769 390 1819 sinu:
408 1770 481 1820 Mela
491 1769 610 1819 Sirenum
622 1775 721 1832 petrns,
733 1766 798 1816 Soli·
838 1768 982 1831 cantiones,
992 1774 1047 1818 tum
1058 1769 1092 1818 nd
1103 1770 1205 1834 Ulyssis
1218 1770 1284 1820 solvi
1294 1783 1324 1820 sc
1330 1771 1371 1835 jn·

265 1862 313 1897 nus
321 1847 654 1909 Sirenumsaxeuuncnpst.
664 1847 798 1896 licentem
839 1843 924 1894 bentii
940 1843 1087 1907 imperium.
1112 1845 1164 1895 Hic
1175 1845 1306 1896 enimvero
1317 1845 1371 1895 illa·

266 1939 329 1975 vcro
340 1925 490 1975 meretrices
510 1922 591 1974 fuisse
604 1923 658 1973 illic
676 1919 799 1985 fumosus,
839 1936 895 1970 rum
906 1921 1082 1971 inritamentis
1091 1921 1214 1973 delinitus
1221 1922 1277 1987 jorn
1289 1931 1318 1973 et
1329 1936 1370 1971 cn·

266 2006 324 2067 dure
335 2002 488 2067 navigantes
497 2000 630 2052 blanditiis
638 1999 799 2066 pellexerint
839 2002 911 2062 ptus.
921 1997 999 2047 etium
1011 1998 1116 2048 nutibus
1128 1999 1238 2064 urgebat
1247 1999 1331 2051 socios
1342 2007 1372 2050 ot

265 2093 297 2129 sc
308 2080 471 2144 perdiderint
481 2081 547 2130 bene
564 2080 669 2142 multos,
680 2085 801 2129 useruut
839 2074 873 2124 sd
889 2074 993 2125 Sirenes
1007 2075 1188 2138 diverterem
1206 2090 1295 2133 verum
1311 2078 1371 2127 illos

266 2170 325 2205 cnm
341 2155 395 2217 ulii,
405 2162 461 2208 turn
478 2153 542 2207 coel.
553 2154 665 2219 Rhodig.
682 2168 741 2205 xiv.
757 2158 799 2205 ll.
840 2160 901 2202 ente
911 2160 1047 2204 monuerat
1057 2167 1127 2204 nese
1138 2161 1316 2205 snosrenuros
1326 2156 1372 2205 ob·

262 2233 271 2260 ‘
291 2233 348 2282 Neo
369 2232 473 2283 sirenes
492 2233 689 2296 impetraverint
710 2229 801 2293 fidem,
840 2231 1086 2295 reverentiores
1104 2231 1199 2282 infeste
1216 2232 1376 2291 locassent

265 2305 377 2357 affirmet
397 2308 459 2357 licet
474 2308 572 2369 Dinon,
590 2307 715 2357 clitarchi
731 2308 800 2356 cele·
840 2308 1016 2370 praetervecti.

266 2383 334 2435 bruti
357 2384 470 2436 auctoris
488 2392 573 2451 pater,
589 2385 615 2435 in
633 2384 710 2434 ludin
725 2394 796 2445 ειυς

609 2715 1037 2800 EXCURSUS

690 2873 964 2927 mmmm

312 3017 381 3082 Iun
396 3017 546 3102 leguntur
557 3016 680 3085 Graeco
693 3020 730 3084 in
745 3020 777 3085 1.
790 3022 844 3086 76.
859 3021 913 3086 75.
933 3019 987 3086 76.
1008 3020 1062 3088 81.
1082 3019 1135 3087 82.
1180 3020 1221 3085 Iu
1234 3020 1375 3105 reliquis

268 3138 347 3185 vero
362 3118 537 3186 codicibus
551 3122 594 3185 ub
607 3120 751 3186 indoctis
761 3121 906 3187 librariis
925 3122 979 3187 vel
993 3142 1133 3207 prorsus
1146 3124 1275 3189 omissa
1287 3130 1375 3201 sunt,

267 3242 301 3287 v.
328 3241 359 3285 c.
384 3223 419 3286 in
433 3223 487 3288 25.
511 3223 567 3289 27.
590 3224 646 3289 45.
670 3224 722 3289 58.
744 3225 801 3289 61.
824 3225 879 3290 vel
902 3225 1083 3293 admodum
1104 3230 1270 3310 corrupta,
1293 3225 1376 3294 etin

267 3325 380 3393 multis
396 3314 528 3410 quoque
539 3345 606 3391 uon
621 3325 753 3393 Graeois
767 3329 1056 3412 expresserimus,
1068 3328 1128 3394 sed
1138 3327 1279 3394 Latinis.
1300 3326 1375 3392 Nec

268 3427 405 3493 mirum:
438 3426 550 3491 Graeco
576 3438 666 3502 sunt5
696 3450 757 3492 non
781 3428 937 3517 leguntur.
960 3431 1037 3509 ἤθους
1063 3435 1124 3519 γὰρ
1142 3428 1266 3518 γλυκέος
1290 3426 1377 3516 ἄνδρα
1444 3486 1447 3491 .

270 3527 387 3593 κίναιδον
400 3531 452 3595 10.
467 3530 521 3595 18.
536 3531 591 3596 23.
606 3531 658 3598 48.
673 3534 727 3599 50.
743 3535 799 3600 56.
819 3536 874 3600 57.
892 3536 946 3601 59.
970 3537 1024 3600 60.
1039 3535 1154 3600 dcun
1170 3535 1284 3600 71-74.
1300 3554 1376 3619 quae

269 3634 372 3697 verba
384 3633 483 3716 vulgo
498 3633 678 3699 referuntur
690 3635 733 3700 ad
748 3633 882 3701 blondus
895 3635 1038 3715 tabellas,
1048 3639 1080 3701 el
1093 3639 1143 3701 ita
1152 3637 1377 3721 explicantur:

271 3730 438 3798 Hominem
464 3731 544 3797 enim
574 3733 723 3801 citandum
753 3736 863 3801 blondi
887 3735 1045 3824 dulcisque
1071 3736 1177 3816 moris,
1205 3738 1280 3803 soil.
1309 3735 1376 3801 εἶναι

269 3833 377 3925 πρέπει,
392 3838 445 3900 vel
457 3837 567 3922 simpl.
580 3834 688 3923 πρέπει,
702 3857 777 3903 esse
791 3839 889 3904 decet
903 3860 932 3906 s.
947 3841 1113 3905 convenit.
1146 3837 1216 3903 Sed
1230 3839 1313 3904 dura
1327 3846 1379 3903 est

268 3938 344 4007 hmo
358 3940 496 4023 ellipsis,
519 3945 551 4004 et
569 3943 665 4005 metri
678 3943 768 4024 leges
783 3949 942 4027 respuunt
965 3963 1084 4010 vocem
1106 3939 1248 4026 γλυκέοςε
1271 3961 1378 4026 neque

270 4041 371 4105 etiam
385 4040 584 4123 intelligitur,
599 4061 658 4106 our
672 4043 774 4127 podia
788 4044 861 4109 lnaeo
875 4044 995 4113 Graecc
1009 4044 1138 4110 dixerit.
1183 4043 1275 4109 Nasu
1289 4043 1379 4129 qnod

269 4147 397 4228 putant,
413 4161 574 4206 summam
597 4142 751 4210 Virronis
774 4147 946 4211 mollitiem
967 4146 1118 4225 indicari,
1143 4165 1220 4210 cum
1235 4145 1378 4211 Graecus

270 4263 379 4310 sermo
400 4244 478 4329 plus
492 4245 666 4311 suavitatis
680 4246 980 4333 blanditiarumque
992 4249 1125 4328 habeat,
1140 4253 1174 4313 st
1186 4246 1379 4315 offoeminati
