3084 4934
258 396 326 462 012
637 411 671 457 o.
693 407 798 457 turen
821 407 1033 458 ruvausnrs

263 557 316 623 Ac
332 555 454 622 nudam
469 553 606 637 effigiem
621 554 741 639 clypeo
754 554 928 632 venientis,
941 558 974 619 et
987 553 1096 631 busta,
1114 581 1117 584 ⁴
1214 578 1217 585 ⁴

263 661 511 743 Pendentisque
526 656 604 735 Dei,
619 658 764 741 perituro
778 658 963 725 ostenderet
974 657 1075 723 boeti.

261 762 398 846 Argenti
412 761 503 845 quod
517 767 598 839 erat,
614 760 696 825 solis
709 760 860 844 fulgebat
873 761 907 825 in
921 761 1034 827 armis.

262 865 436 932 Ponebant
449 865 543 947 igitur
557 864 670 928 Tusco
684 862 808 928 farrata
822 864 946 928 catino.

262 967 384 1032 Omnia
398 973 488 1047 tunc,
504 967 628 1051 quibus
643 967 805 1045 invideaS,
821 969 850 1031 si
862 964 1023 1031 lividulus
1037 966 1097 1030 sis.
1218 952 1221 959 ¹
1303 965 1367 1030 110

261 1069 474 1154 Templorum
489 1089 618 1154 quoque
632 1069 790 1154 majestas
803 1068 1012 1152 praesentior,
1033 1073 1068 1133 et
1081 1087 1150 1134 vox

262 1309 366 1378 turpem
376 1317 440 1362 urdo
451 1317 475 1361 et
482 1314 563 1362 iancea
571 1311 704 1362 renuentia.
739 1311 859 1375 Quicquid
869 1314 922 1360 erut
932 1309 1037 1372 urgenti,
1047 1309 1074 1358 iu
1082 1308 1156 1358 annis
1165 1311 1259 1358 tautum
1267 1292 1368 1359 meod.

264 1380 324 1430 Tum
340 1394 395 1441 ergo
410 1378 488 1442 pultes
505 1381 601 1426 cunctus
614 1376 800 1442 uppouebdatjin
816 1376 902 1439 potine
922 1378 1033 1437 Etuueu,
1049 1373 1133 1437 quibus
1148 1372 1369 1433 iusideressifores

262 1445 380 1494 tantulum
395 1442 500 1493 iuuetur.
533 1440 652 1492 Fauorino
663 1442 736 1491 etium
747 1443 843 1491 Numen
850 1440 950 1505 propius
959 1439 1069 1489 aderat:
1085 1442 1170 1502 uosque
1182 1438 1239 1488 istis
1247 1437 1370 1489 admonuit

720 1584 748 1604 00
751 1582 899 1604 nemun

260 1701 338 1751 etiarn
350 1700 461 1750 Romulo
471 1714 561 1764 pnero,
577 1700 654 1763 dano,
672 1699 789 1764 Augusto
806 1704 834 1749 et
850 1698 965 1749 Antonio
976 1699 1009 1748 ab
1023 1697 1102 1748 Ouid.
1115 1698 1187 1748 Fast.
1199 1711 1241 1748 111.
1252 1702 1294 1748 dl.
1310 1698 1368 1748 Ma-

258 1767 330 1816 orob.
343 1778 361 1814 1.
371 1770 396 1815 9.
408 1766 482 1829 Virg.
493 1767 543 1815 Ge.
554 1779 597 1815 ιιι.
609 1769 649 1814 27.
662 1770 691 1814 et
702 1765 783 1829 Prop.
795 1778 833 1815 ιν.
843 1769 869 1814 0.
880 1769 921 1815 21.
930 1763 1063 1825 tribuitur,
1074 1763 1137 1827 ipsis
1146 1762 1267 1812 Romanis
1278 1777 1369 1827 parum

259 1831 361 1894 cognita
371 1831 474 1879 videtur
484 1828 563 1878 fnisse
575 1844 605 1878 ae
618 1833 850 1893 perspecta—106
867 1829 924 1878 Huc
934 1832 976 1878 22.
997 1829 1029 1877 Et
1041 1833 1080 1878 16.
1093 1832 1134 1877 21.
1166 1827 1282 1877 amomis
1294 1833 1317 1877 l.
1327 1832 1368 1877 ll.

260 1900 299 1945 10.
308 1900 348 1944 70.
360 1899 400 1944 75.
412 1899 453 1944 76.
468 1894 683 1944 transuecti.
695 1894 781 1942 velud
793 1894 878 1956 Iliam,
894 1901 924 1942 nt
940 1908 999 1942 cum
1017 1908 1049 1943 es
1064 1891 1257 1955 concumberet,
1272 1893 1315 1941 vel
1335 1891 1368 1940 ad

258 1974 317 2009 suos
329 1960 434 2021 liberos,
445 1974 508 2023 quos
519 1959 582 2023 lupa
592 1958 688 2008 alebat.
721 1958 798 2008 Illam
817 1957 1008 2021 interpretandi
1025 1958 1152 2006 rationem
1188 1956 1305 2021 reposuit
1316 1963 1369 2008 vet.

199 2057 205 2067 ·
258 2025 354 2087 Scbol,
369 2025 435 2073 trane
453 2026 552 2088 Grang.
586 2025 705 2087 Utraque
726 2024 792 2074 dura
810 2030 851 2072 est
868 2030 946 2088 atque
966 2028 1094 2083 contorta,
1115 2028 1143 2070 at
1163 1972 1252 2070 dlrrior
1269 2022 1369 2085 ellipsis

258 2104 340 2155 praep.
352 2105 418 2138 cum.-
442 2090 557 2138 venientis
567 2103 625 2138 enm
636 2089 716 2152 clypeo
727 2093 751 2137 et
767 2088 843 2136 bustu
876 2088 1002 2137 Nonnulli
1016 2087 1147 2151 jungunt:
1165 2084 1266 2152 effigiem
1276 2086 1326 2136 Dei
1343 2087 1370 2135 in

258 2157 337 2219 clypeo
347 2160 371 2203 et
380 2155 448 2202 bustu
458 2156 596 2203 ostenderet.
629 2153 681 2202 Sed
693 2152 823 2217 quomodo
835 2152 907 2202 cesus
916 2153 1000 2201 subto
1010 2154 1080 2216 (narn
1095 2152 1145 2200 boc
1162 2151 1309 2214 subjectum
1321 2158 1370 2216 est,

258 2233 310 2266 non
321 2219 388 2267 miles
388 2219 404 2280 )
415 2218 515 2283 effigiem
524 2218 572 2267 Dei
583 2218 611 2265 in
621 2218 701 2281 clypeo
712 2221 737 2266 et
746 2219 816 2267 beatu
826 2220 947 2266 ostendere
958 2217 1063 2280 potest?
1085 2216 1138 2264 Pro
1149 2215 1265 2264 omientia
1273 2216 1370 2280 legitur

252 2281 408 2345 fulgentium
421 2288 461 2332 10.
473 2287 513 2331 12.
525 2285 616 2332 1415.
629 2286 712 2331 17-27.
725 2282 809 2331 45-50.
820 2286 903 2332 uel-oo.
916 2285 999 2330 7174.
1028 2280 1080 2329 Sed
1090 2281 1159 2329 baud
1172 2280 1251 2329 dubie
1262 2282 1318 2331 llaec
1330 2285 1370 2330 est

258 2347 414 2409 emendatio,
423 2362 479 2411 quae
489 2361 504 2395 e
514 2347 630 2410 margine
638 2346 664 2394 in
676 2353 826 2395 contextum
839 2347 952 2410 irrepsit.
968 2345 1099 2408 Displicet
1107 2345 1185 2394 etiam
1195 2345 1244 2394 hoe
1253 2345 1370 2409 verbum,

258 2413 398 2525 puodmox
409 2412 532 2475 sequitur.
566 2410 652 2460 Poeta
668 2408 754 2459 forsan
772 2411 879 2474 scripsit
891 2410 1115 2460 minitantis—107
1133 2410 1306 2474 Prudentiaque
1326 2414 1369 2460 72.

282 2479 433 2539 credentesque
443 2476 489 2541 (de
500 2474 573 2540 lupa)
584 2477 657 2536 Deos,
664 2475 976 2540 RomulumRemnmque,
983 2476 1114 2524 ostenderet
1121 2474 1256 2539 bosti(scil.
1266 2475 1369 2524 admoto

172 2546 174 2549 '
257 2539 344 2604 sento>
356 2540 457 2589 emend.
469 2540 541 2603 Lips.
551 2541 578 2588 in
589 2540 666 2588 Anal.
678 2539 710 2588 ad
724 2541 781 2588 Mil.
795 2541 869 2590 Rom.
880 2541 924 2589 lib.
938 2553 982 2589 ιιι.
995 2539 1056 2588 dial.
1067 2544 1092 2588 2.
1126 2540 1210 2588 Fuere
1221 2539 1310 2602 etiarn,
1323 2539 1370 2603 qui

256 2605 395 2669 legendum
407 2611 531 2668 putarent
544 2605 712 2667 Perdeutt'sque
723 2606 782 2665 Dei,
794 2611 823 2654 nt
830 2606 931 2668 perdens
941 2606 998 2654 deur
1008 2605 1032 2653 b.
1045 2604 1064 2652 l.
1081 2604 1189 2668 perituro
1208 2604 1272 2653 boeti
1289 2618 1369 2668 oppo-

257 2678 374 2719 neretur.
391 2668 519 2733 ‹effeudmt
527 2673 634 2718 7.-108
645 2678 704 2732 post
715 2684 751 2717 vs.
763 2674 818 2720 100.
830 2669 926 2734 legitur
937 2670 962 2718 in
974 2672 1049 2718 7.14.
1062 2674 1103 2719 17.
1115 2672 1156 2718 20.
1167 2675 1195 2718 at
1204 2669 1281 2733 plane
1292 2669 1368 2718 abest

220 2730 231 2747 ‘¹
258 2734 292 2782 ab
304 2738 433 2783 ll.et13.
451 2734 540 2847 {equo
551 2734 630 2782 etiam
643 2733 720 2797 ejecti
731 2748 767 2782 vs.
780 2733 909 2799 100-110.)
929 2740 956 2783 et
973 2733 1054 2782 deleri
1071 2734 1174 2783 omnino
1187 2739 1274 2796 potest
1295 2734 1366 2783 salvo

257 2803 425 2848 sensu—1⁰9
440 2813 455 2846 a
475 2806 515 2847 est
524 2798 557 2846 ab
568 2802 609 2847 21.
645 2799 890 2848 trecassenus.
913 2798 1016 2858 sorraco
1025 2802 1066 2847 10.
1078 2802 1118 2847 12.
1131 2802 1214 2848 17-20.
1225 2801 1265 2847 28.
1276 2802 1319 2848 27.
1327 2802 1368 2850 40.

256 2866 297 2913 47.
308 2868 348 2913 tu.
360 2868 400 2912 54.
411 2867 452 2911 od.
458 2863 556 2922 ferrura
563 2867 604 2911 60.
614 2878 709 2911 merore
720 2867 761 2913 48.
790 2864 857 2913 Post
864 2863 952 2926 cutim,
962 2878 1013 2911 non
1025 2870 1086 2927 post
1097 2869 1163 2926 tuuc,
1174 2861 1368 2912 distinctionem

255 2928 341 2992 posui,
352 2935 485 2993 praeennte
497 2937 550 2977 vet.
561 2927 730 2978 Schol—lld
745 2933 797 2978 tum
807 2932 849 2977 22.
882 2943 945 2977 uuor
961 2931 1083 2978 10.-118
1096 2928 1193 2978 thtore
1203 2931 1227 2976 et
1237 2927 1318 2978 oceani
1328 2932 1368 2979 45.

753 3074 860 3125 NOTAE

289 3193 338 3239 100
358 3187 489 3252 Veniente]
504 3187 612 3238 Scilicet
628 3188 661 3238 ad
681 3183 790 3253 Rbeam,
863 3188 1096 3252 lacrimosum]
1112 3187 1199 3238 Fictill
1209 3201 1243 3236 ex
1253 3186 1367 3239 Etruria.

257 3281 352 3330 nempe
362 3268 474 3329 Sylviam
488 3267 563 3316 Remi
579 3281 610 3315 ac
623 3267 726 3316 Romuli
745 3281 790 3331 pa·
830 3264 897 3314 Vide
909 3265 983 3314 Pers.
997 3265 1052 3314 Set.
1068 3278 1100 3315 11.
1114 3280 1150 3314 vs.
1162 3268 1203 3314 50.
1362 3323 1365 3329 1

256 3348 357 3391 rentem
369 3358 383 3390 e
395 3343 491 3391 Marte.
516 3341 570 3390 Alii
580 3338 686 3406 legunt,
693 3343 791 3406 fulgen·
863 3341 980 3404 Ferrato]
997 3340 1181 3403 Cibosefarre,
1190 3340 1298 3404 pultem,
1308 3355 1367 3406 qnae

255 3418 297 3467 tis.
829 3418 911 3468 tiebat
929 3434 944 3468 e
962 3421 1044 3468 mixtu
1061 3418 1185 3469 frumenti
1203 3424 1231 3468 et
1249 3417 1367 3469 fabarum

265 3490 338 3545 ’107
359 3493 531 3556 Pendeoibque
559 3493 621 3556 Des]
654 3494 792 3545 simulacri
830 3496 872 3544 vel
880 3495 970 3544 bordei
982 3494 1074 3557 farina,
1083 3493 1367 3545 diutissimeveteribus

257 3568 353 3620 Martis
364 3569 417 3618 sive
427 3570 454 3617 in
463 3570 555 3632 clypeo
566 3568 656 3631 efficti,
673 3570 790 3636 adeoque
829 3571 963 3632 usitatam,
976 3579 1004 3621 ut
1012 3572 1158 3621 notavimus
1171 3569 1241 3621 alibi.

257 3644 394 3711 pendentis
404 3659 437 3693 ex
448 3645 555 3695 humero
568 3645 682 3709 sinistro,
698 3654 726 3696 ut
743 3647 790 3707 fit;
863 3653 910 3697 110
929 3647 1147 3710 Quibusiuoideas]
1164 3647 1287 3697 Invidere
1308 3663 1366 3713 pos·
1391 3643 1400 3657 ‘

256 3723 310 3772 sive
320 3721 435 3771 extantia
444 3721 689 3785 insummacasside,
697 3724 790 3786 quibus
829 3738 870 3773 ses
881 3725 926 3773 isti
937 3732 1052 3773 veterum
1064 3723 1227 3787 parsimoniae
1239 3729 1266 3772 et
1282 3721 1368 3788 fruga-

256 3800 414 3865 purtentosis
421 3798 573 3861 imaginibus
581 3800 654 3849 miles
660 3800 790 3850 Romanus
828 3798 909 3860 litati,
916 3814 968 3862 qua
979 3800 1096 3868 contenti
1105 3797 1226 3863 beatique
1235 3798 1368 3849 vivebant.

255 3876 355 3925 bostem
369 3875 396 3923 in
412 3874 479 3923 bello
491 3875 633 3938 territaret,
645 3890 676 3925 ac
687 3875 789 3925 invicto
863 3882 909 3927 111
930 3879 1076 3943 Templorum
1086 3894 1173 3942 quoque
1186 3879 1297 3939 majestat
1304 3896 1367 3945 pree·

256 3951 351 4001 cedere
372 3951 484 4014 Imperio
506 3958 619 4014 cogeret.
660 3951 726 4001 Sunt
745 3953 790 4017 qui
828 3954 928 4017 sertim]
943 3956 1007 4004 Turn
1019 3955 1066 4004 Dii
1077 3954 1158 4019 magis
1169 3962 1244 4005 erant
1252 3955 1368 4022 propitii,

255 4027 354 4092 legent,
373 4027 500 4091 pudentis,
521 4029 563 4077 cni
585 4029 733 4093 respondet,
754 4031 791 4078 in·
830 4043 888 4078 cunr
900 4029 981 4078 minus
993 4029 1117 4080 luxuriosi
1127 4030 1251 4081 homines.

256 4102 357 4167 quiunt,
368 4118 418 4151 vox
427 4117 547 4168 sequens,
557 4104 671 4167 perituro.
866 4105 918 4154 Voc
935 4110 1003 4154 nocte
1015 4105 1072 4166 sere
1087 4107 1176 4171 media]
1198 4105 1250 4156 Tit.
1267 4106 1325 4157 Lis.
1339 4121 1365 4158 v.

290 4181 337 4226 108
354 4178 384 4251 lu
399 4179 484 4243 amis]
505 4179 566 4229 Non
584 4180 609 4228 in
626 4181 790 4248 supellectili,
829 4187 870 4232 32.
888 4182 1026 4246 ‘Eodem'
1037 4185 1130 4248 inquit,
1140 4185 1148 4212 ‘
1159 4199 1225 4235 anno
1237 4185 1276 4236 Μ.
1289 4184 1365 4236 Cedi-

256 4261 300 4304 aut
313 4255 481 4321 vestimentis,
492 4263 521 4306 ut
530 4271 607 4308 nunc.
828 4259 880 4310 tius
891 4257 925 4310 de
938 4259 1015 4325 plebe
1024 4260 1152 4312 nuntiarit
1162 4260 1286 4315 Tribunis
1296 4276 1325 4312 se
1335 4261 1363 4312 in
