3084 4934
256 362 322 428 790
596 376 705 427 ΝΟΜ
728 377 932 428 vaulouurt
956 377 997 428 itt

256 529 323 582 area,
341 519 446 572 illinon
463 517 540 569 facile
550 518 665 570 libldinis
676 520 787 585 turplta·
824 520 1007 592 tisbreriores
1023 520 1171 586 superclio,
1189 515 1232 572 vei
1248 521 1361 586 capillus

257 597 493 662 diuoaepolluunt:
505 595 548 646 Sic
556 596 746 661 hispida,hirtn,
758 602 786 645 et
823 612 873 646 uon
891 597 1026 662 demissus,
1046 598 1171 661 usquead
1183 597 1359 662 supercilium.

256 675 337 739 priora
353 686 400 723 tua
416 673 535 731 membru
558 678 582 722 et
598 676 664 722 dura
673 678 739 734 seta,
756 678 786 722 ut
824 675 893 723 Nam
901 675 1049 739 Philosophi
1059 674 1359 725 Stoicidetondebautur

255 763 400 814 porcorum,
408 750 591 814 perbrachiuet
601 756 785 813 corpustuum,
823 752 856 800 ad
868 759 954 801 cutem
967 767 1055 816 usque,
1073 753 1142 802 uuda
1158 752 1260 801 illorum
1280 751 1359 799 disci-

252 829 396 890 prornittmst
417 824 604 896 Polyphemum
625 827 736 891 aliquem
758 833 786 875 et
823 830 878 893 puli
898 831 990 879 Persio
1013 831 1086 894 dicti,
1113 830 1245 881 ‘detonsa
1264 831 1359 893 jmea-

255 900 786 966 Herculeum,mimam‚'invictum,grarear
822 906 889 955 tua:'
914 913 942 958 et
961 907 1022 956 hinc
1042 907 1168 957 Proverb.
1195 905 1360 955 ‘CrlueStu-

255 987 283 1031 et
305 996 421 1043 severam
449 979 570 1038 animum,
596 992 647 1028 nou
674 979 785 1027 mollem.
822 980 896 1031 icus!
927 983 1033 1032 Comani
1050 984 1118 1033 euim
1136 985 1206 1032 alere
1217 995 1309 1047 pamm
1321 982 1358 1032 vl·

255 1058 430 1123 Polyphemus
441 1058 510 1121 apud
523 1055 600 1106 Ouid.
633 1054 734 1105 ‘Barba
749 1056 786 1104 vi·
822 1058 870 1107 rite
900 1059 1091 1110 existimabant.
1127 1059 1243 1110 habim.
1289 1057 1357 1112 Alie

255 1151 306 1200 ros,
315 1136 441 1200 hirtaque
450 1136 545 1185 decaut
553 1135 695 1199 inpactore
703 1132 786 1183 seta!
822 1133 1036 1198 Philosophorum
1048 1141 1128 1185 sectte
1148 1134 1261 1186 crinibus
1274 1134 1357 1197 longis
1398 1123 1418 1168 ‘

254 1213 321 1261 Vide
333 1210 567 1262 Macrob.lib.vrr.
822 1219 850 1263 et
872 1214 973 1276 prolixa
993 1214 1074 1264 barba
1095 1213 1244 1278 conspicuas
1272 1220 1357 1263 erant.

288 1295 319 1339 12
336 1290 424 1339 Pudice
439 1289 496 1352 leui]
528 1287 678 1337 Posteriora
691 1284 787 1334 iutslii-
820 1292 932 1353 -Atqne
946 1291 1082 1355 supercilio]
1118 1290 1191 1338 Maia
1208 1290 1357 1339 existimant

255 1366 302 1431 git,
317 1380 375 1430 quar
392 1365 462 1414 levia
479 1371 507 1414 ct
526 1363 618 1427 glabra
627 1362 785 1423 reddebant,
821 1380 921 1416 comam
942 1366 1068 1416 abrasisse
1089 1380 1144 1429 eos,
1156 1366 1201 1430 qui
1218 1365 1261 1414 hic
1279 1365 1357 1416 adu·

254 1448 282 1492 et
300 1442 426 1505 psilothro
442 1441 483 1489 vel
500 1440 608 1490 volsella
625 1438 786 1503 depilabaut,
822 1444 912 1493 renale
930 1449 1062 1506 notantur,
1078 1457 1111 1491 ue
1122 1441 1223 1491 cinaedi
1239 1440 1357 1490 rideren-

254 1526 284 1568 ut
295 1517 424 1568 molliores
433 1525 461 1567 et
469 1517 640 1580 delicatiores,
647 1531 784 1580 puerorum
821 1525 872 1569 tur.
904 1520 1013 1569 Comaru
1031 1519 1100 1568 enim
1118 1517 1225 1566 brevem
1237 1516 1270 1565 de
1283 1529 1354 1565 mora

254 1596 345 1659 instar,
365 1594 523 1644 amatoribus
545 1594 596 1643 suis
619 1599 783 1658 apparerent.
821 1603 975 1645 caeterorum
990 1594 1202 1657 Philosophorum
1218 1592 1357 1657 gerebant.

254 1673 317 1721 Vita
334 1677 362 1721 et
379 1686 463 1721 moros
485 1671 524 1719 tui
545 1685 597 1719 nun
615 1671 784 1735 respondent,
823 1672 890 1721 Hac
907 1678 995 1720 tamen
1012 1686 1091 1720 comae
1108 1670 1211 1720 abrasio
1222 1670 1355 1719 modestiae

254 1750 300 1799 sed
322 1749 477 1798 contrarium
499 1748 684 1797 demonstrant.
714 1748 784 1797 Nam
812 1764 852 1799 fac
864 1750 1031 1799 continentie
1047 1749 1171 1798 indicium
1189 1747 1355 1797 credebatur.

253 1826 360 1874 omnim
370 1825 477 1885 tumidae,
494 1838 537 1874 seu
549 1824 635 1873 ulcera
650 1821 739 1873 inflata
749 1837 783 1872 ex
822 1829 889 1877 Num
906 1828 949 1892 qui
967 1827 1116 1876 lasciviores
1127 1831 1154 1876 et
1165 1826 1357 1889 insolentiores,

253 1901 334 1965 foedo,
351 1907 380 1951 et
396 1916 448 1950 uon
464 1900 613 1950 nominabili
630 1901 701 1949 coitu
717 1915 783 1950 mas·
821 1918 919 1952 comam
935 1903 1048 1954 alebant.
1081 1905 1119 1953 Ut
1138 1903 1187 1953 hac
1208 1909 1271 1951 nota
1289 1903 1356 1952 Stoi·

252 1981 311 2029 culo
322 1985 393 2040 nata,
409 1980 538 2040 cuduntur,
553 1987 581 2027 et
592 1984 722 2027 'secantur
733 1978 783 2026 tibi
820 1994 908 2029 coriam
917 1981 1040 2045 dogmata
1050 1981 1170 2045 persequi
1179 1980 1354 2030 videanturet

252 2056 330 2119 ferro,
347 2059 373 2107 in
386 2057 479 2122 podice
490 2058 541 2106 lavi
551 2065 577 2105 et
588 2056 712 2120 depilato.
734 2056 784 2105 La·
821 2059 993 2121 persuadeant
1011 2058 1117 2108 credulo
1138 2057 1256 2121 popello:
1286 2056 1354 2106 Alie

252 2134 299 2184 bin.
315 2135 394 2185 -Sunt
414 2135 458 2199 qui
480 2138 552 2184 huam
569 2134 659 2183 dicant
677 2150 704 2199 q.
721 2133 783 2183 l'rla·
820 2134 887 2184 enim
908 2141 986 2185 sectae
1006 2134 1220 2197 Philosophorum
1240 2134 1354 2182 crinibus

251 2212 322 2261 tione
343 2210 447 2261 assidua
466 2211 586 2274 politum,
606 2216 637 2259 ut
655 2209 706 2276 bic,
725 2224 784 2273 per·
819 2212 903 2276 longis
921 2212 1073 2276 prolixaque
1094 2210 1190 2260 barbae
1216 2209 1308 2274 Atqui
1321 2224 1354 2259 ex

251 2292 333 2350 potua
341 2286 527 2350 padicatione;
544 2286 704 2353 uliasiis,qui
712 2288 783 2338 undo
812 2290 882 2337 ·Stoa
898 2288 999 2353 capillis
1014 2288 1086 2349 rasis,
1097 2292 1126 2336 at
1137 2293 1166 2337 ut
1177 2286 1293 2351 loquitur
1304 2288 1354 2335 Ln-

252 2375 319 2427 equo
330 2363 451 2413 insident.
820 2365 909 2414 cianus
937 2366 963 2413 ἐν
981 2367 1032 2429 χρῷ
1052 2362 1145 2427 κουρίας
1163 2369 1247 2413 eraut.
1292 2361 1353 2411 Vid.

229 2493 235 2500 ,
284 2445 314 2490 lt
334 2440 476 2504 Gadanus]
507 2441 643 2492 Secuntur.
655 2441 717 2491 Itali
725 2456 782 2492 uos·
812 2441 938 2492 v'I‘urueb
960 2442 1071 2493 Advers.
1083 2454 1132 2492 xv.
1145 2446 1185 2491 17.
1207 2446 1236 2490 et
1251 2441 1303 2489 boc
1320 2454 1353 2490 er

251 2523 293 2568 tro
314 2523 433 2582 tempora
456 2519 519 2568 talia
541 2532 591 2568 non
612 2524 711 2582 secant,
735 2520 782 2569 sed
820 2518 972 2583 Phocylidis
987 2519 1126 2577 sententia,
1146 2518 1219 2582 cujus
1238 2518 1295 2566 haec
1315 2515 1354 2579 dp

166 2634 170 2638 .
250 2600 330 2643 urunt
346 2599 470 2656 argentea
486 2595 598 2660 quadam
614 2596 710 2645 lumina
725 2610 783 2646 can·
819 2611 887 2645 aeon
907 2597 950 2645 oda
970 2594 1059 2645 ἐπέοικε
1081 2593 1147 2656 κόμη.
1183 2594 1353 2657 tlicergoco-

250 2669 333 2719 denti.
371 2671 466 2720 Medico
487 2670 593 2734 ridente]
637 2673 688 2724 Qui
710 2674 783 2723 novit
819 2672 1071 2721 mametcaesuriem
1087 2669 1258 2731 abundabant,
1274 2669 1355 2732 capil-

251 2759 365 2795 caussam
387 2746 478 2796 ulceris
508 2762 565 2796 esse
592 2750 781 2812 turpitudinem
820 2750 858 2799 los
868 2757 959 2799 contra
968 2750 994 2800 iu
1002 2750 1087 2799 medio
1095 2749 1183 2813 capite
1191 2749 1355 2812 negligenter

251 2827 329 2884 tuam,
338 2829 415 2886 teque
424 2823 578 2885 detestatur,
585 2831 612 2874 et
624 2832 692 2875 tuam
701 2828 783 2875 acela·
819 2826 971 2876 tondebant.
995 2828 1095 2876 Seneca
1105 2813 1191 2888 Epist.
1202 2837 1230 2874 ν.
1252 2825 1353 2873 Herald.

249 2906 330 2949 ratam
338 2900 701 2964 obscaenitatem—Mariscae]
720 2905 782 2953 For·
814 2902 844 2951 vlu
854 2902 922 2953 Adv.
932 2904 949 2952 l.
959 2917 979 2952 1.
991 2900 1253 2966 cibe-Verianum]
1265 2900 1353 2952 Quare

250 2984 277 3025 te
300 2992 315 3027 a
334 2977 427 3028 Chald.
445 2980 538 3041 Muros,
555 2979 622 3042 quod
635 2984 675 3027 est
687 2980 782 3043 Tereus,
819 2993 877 3028 curn
889 2980 928 3028 illi
938 2978 1352 3040 sesanctissimossimuleut,cum

242 3055 344 3113 stione.
376 3055 528 3104 Nascuntur
547 3055 619 3104 circa
635 3069 663 3104 os
680 3057 732 3120 ani,
751 3063 782 3105 ut
818 3055 870 3103 sint
881 3054 1031 3118 turpissimi,
1042 3054 1128 3118 venian
1140 3054 1247 3115 rectius,
1257 3053 1355 3117 simpli·

247 3128 336 3194 fuugh'
360 3129 404 3179 fici
422 3131 502 3180 etiam
520 3133 705 3194 appellantur.v
727 3134 781 3183 Tu·
818 3129 1354 3194 ciusatmuga'aiagenaefacitPrriboraiaa,

247 3206 356 3255 hercula
371 3207 397 3254 in
414 3220 463 3255 ano
478 3208 511 3255 ati
530 3206 574 3257 fici
586 3208 779 3259 similitudinem
818 3209 863 3271 qui
874 3207 937 3255 vitiu
953 3222 999 3256 sua
1017 3220 1068 3257 nou
1087 3207 1164 3270 celat,
1179 3206 1226 3255 sed
1240 3206 1353 3269 ingenue

247 3288 316 3330 sunt.
350 3281 398 3330 Gr.
409 3280 517 3330 adanon.
534 3282 648 3332 Martini.
660 3285 704 3334 lib.
717 3298 779 3337 xiv.
816 3284 923 3333 latetur.
1022 3340 1024 3344 y

186 3410 189 3416 ,
240 3358 521 3422 “Ερὶςι.86.-Μεάἱω
535 3358 637 3421 aidane]
663 3362 729 3410 Nam
741 3363 779 3412 in-
850 3364 881 3410 lu
898 3359 1058 3423 Peribomius]
1091 3358 1352 3423 Divulgatoraliqnis

247 3433 380 3483 venientes
398 3434 482 3498 stupri
498 3436 619 3500 vestigia,
635 3438 734 3488 Medici
746 3440 780 3488 rl-
817 3433 1353 3499 suaaturpitudinis,nominatim-Hanc

248 3510 320 3560 daut.
342 3510 462 3561 Vasco
816 3512 1040 3577 egofutisimputo]
1073 3512 1159 3574 Unde,
1172 3512 1353 3577 quiuPerihu·

280 3590 312 3635 lt
329 3586 410 3635 Romus
420 3601 495 3636 sermo
506 3588 565 3653 illis]
598 3589 666 3638 Nam
679 3587 779 3655 sapien·
816 3591 882 3639 mius
892 3591 960 3638 mala
971 3604 1017 3637 sua
1026 3604 1076 3639 uon
1088 3589 1278 3651 abscondebat,
1286 3589 1352 3639 dicit

247 3662 338 3711 tissimi
347 3663 398 3711 rari
414 3663 665 3715 sermonis—Libido
671 3669 778 3731 tacendi]
815 3667 861 3716 illa
877 3666 927 3714 sibi
944 3664 1060 3714 fataliter
1080 3664 1352 3729 contigisse-Fotis]

242 3741 346 3805 *Magna
366 3742 485 3805 voluptas
508 3742 533 3790 in
553 3744 670 3805 silentio;
692 3746 777 3795 delec-
817 3743 903 3808 Hujus
924 3744 991 3792 vitia
1009 3757 1061 3791 non
1082 3743 1189 3792 mulitia
1212 3758 1277 3805 sum,
1304 3742 1351 3792 aed

163 3815 167 3822 '
245 3825 336 3868 tantur
357 3820 466 3870 silentio.
495 3820 707 3887 Latin-Rarus,
727 3824 779 3888 isa]
815 3819 878 3870 laris
901 3820 1001 3883 imputo
1024 3820 1067 3867 ael
1087 3821 1167 3882 crasi,
1194 3833 1240 3868 aeu
1263 3820 1351 3883 potius

245 3895 399 3959 Speciosam
421 3897 523 3947 silentii
534 3898 662 3947 studium:
687 3900 778 3951 Velut
815 3894 925 3960 ἀκρασίᾳ,
942 3897 993 3944 imo
1009 3895 1135 3959 ἀκολασίᾳ,
1148 3901 1177 3944 ut
1188 3895 1263 3943 Pars.
1280 3899 1305 3945 8.
1316 3895 1351 3944 da

244 3972 426 4036 Pythagoricae
452 3980 534 4023 sectae
560 3975 674 4037 genuani
698 3991 778 4040 appa·
815 3974 915 4023 Natta:
932 3972 1002 4021 ‘Sed
1011 3980 1101 4036 stupet
1112 3972 1155 4022 hic
1164 3971 1352 4028 vitiol-Peri·

245 4056 321 4098 reant
337 4048 497 4111 imitatores;
516 4050 778 4115 quinihilpriusdis·
813 4048 916 4113 domina]
958 4050 1062 4097 Nomen
1081 4047 1224 4114 Archigalli
1243 4046 1350 4108 cinaedi,

246 4125 412 4189 cipulossuos
424 4127 523 4188 docuit,
532 4140 607 4191 quam
618 4133 717 4190 tacere,
725 4141 777 4178 ure·
816 4139 893 4189 quern
914 4124 1045 4188 magulum
1066 4128 1266 4187 conspurcatum
1289 4122 1352 4171 dici·

244 4200 323 4254 ditari
332 4202 489 4267 condiscere,
499 4202 623 4267 loquitari
632 4202 776 4254 dediscere.
814 4216 882 4264 mus,
900 4202 945 4266 qui
964 4202 1069 4264 publice
1085 4199 1275 4265 impudicitiam
1291 4212 1351 4264 per-

278 4281 310 4328 tu
326 4278 610 4346 Atunempercilio,85a]
641 4279 693 4330 Pili
708 4280 778 4345 capi·
814 4292 906 4344 pessus
916 4284 967 4329 eat.
1005 4278 1058 4329 Vct.
1070 4277 1126 4329 Sala.
