3084 4934
132 370 140 378 „
248 319 317 385 654
603 336 640 389 n.
661 332 767 384 sunu
790 331 1003 386 ruvnnsms

252 481 430 562 Quondam
442 482 507 548 hec
520 480 682 564 indigenae
696 482 856 548 vivebant
868 502 970 563 more,
985 484 1080 568 prius
1096 495 1198 570 qnam
1225 543 1226 547 ,

249 585 401 650 Sumeret
414 591 576 668 agrestem
592 584 704 667 posito
719 585 909 651 diademate
923 586 1045 655 falcem

250 687 410 752 Saturnus
424 687 573 769 fugiens:
595 692 686 765 tuuc,
702 708 778 752 curn
792 689 985 771 virguncula
996 687 1021 754 J
1023 709 1101 781 uno,
1313 690 1360 757 40

251 788 296 858 Et
309 789 461 874 privatus
474 789 582 855 adhuc
596 790 701 857 Idaeis
714 789 848 876 Jupiter
862 793 974 859 antris.

246 888 357 957 Nulla
370 913 470 977 super
483 895 589 959 nubes
604 895 758 960 convivia
773 893 1021 975 Coelioolarum,

250 993 326 1063 Nec
338 1016 421 1079 puer
435 996 571 1074 Iliacus,
584 997 733 1063 formosa
745 1018 807 1063 nec
822 997 984 1064 Herculis
998 1017 1085 1064 uxor

248 1095 306 1163 Ad
320 1098 471 1186 cyathos,
485 1102 518 1165 et
527 1098 601 1185 jam
615 1101 743 1166 siccato
755 1108 889 1168 nectare
903 1107 1041 1187 tergens¹

244 1313 338 1377 ntem
355 1315 458 1378 egeam
469 1315 621 1380 Aborigines,
638 1324 762 1382 eumaem
779 1318 899 1370 &mes
917 1317 1021 1370 monte
1038 1319 1124 1370 relide
1139 1332 1225 1369 eorem
1241 1316 1361 1369 metm

239 1379 329 1439 scaen
346 1381 477 1445 (corriperet,⁸
500 1387 556 1432 tuoe
574 1386 666 1448 morde
683 1386 749 1434 Jsrro
767 1394 826 1436 erat
843 1387 1023 1446 ndolereerrtsle,
1038 1389 1109 1448 eleae
1119 1384 1219 1448 repre
1236 1384 1358 1447 Mosega

244 1445 354 1508 privates
363 1446 391 1495 in
400 1447 517 1510 spelm
527 1448 579 1497 Ida
587 1449 696 1501 latebat.
722 1451 829 1501 Deorum
840 1453 913 1516 epulo
921 1466 992 1516 espec
1000 1449 1097 1499 netues
1106 1450 1178 1499 nulle
1187 1454 1251 1509 tunc
1260 1455 1337 1499 arsut
1347 1462 1355 1498 ε

245 1511 418 1577 aestimeris
426 1513 549 1578 Mnus,
557 1528 629 1579 aeque
636 1515 736 1580 pulchra
745 1517 859 1572 Herwtir
867 1517 952 1580 meisa
967 1518 998 1571 sd
1007 1515 1106 1583 rcyploe
1116 1515 1154 1565 eis
1166 1509 1357 1579 porrigendoss

244 1764 324 1820 lule.
355 1776 447 1822 venem
461 1775 569 1827 ra-se
587 1774 725 1839 segete.
759 1776 905 1837 notgero.
936 1766 987 1824 trra
997 1776 1105 1824 m-ro
1121 1769 1357 1835 &comesuram

245 1839 271 1883 et
281 1841 334 1885 eret
344 1837 483 1899 virguncula
495 1840 561 1889 June
573 1845 614 1890 11.
632 1842 711 1906 plane
723 1841 857 1905 eleganter
868 1847 896 1889 et
906 1846 988 1902 recte,
1017 1838 1094 1888 udice
1105 1835 1227 1889 Sohund.
1246 1837 1292 1902 qui
1303 1850 1363 1887 mo·

245 1900 416 1962 netleeunas
436 1905 496 1955 elim
516 1906 542 1955 iu
561 1907 714 1971 primigenio
730 1906 874 1969 exemplari
893 1904 980 1969 po'etae
998 1855 1088 1965 luisse,
1105 1917 1168 1968 quas
1187 1902 1297 1969 librarii,
1307 1915 1358 1965 pro

245 1973 325 2030 captu
343 1968 453 2033 quisque
471 1985 526 2035 suo,
545 1973 719 2036 expleverint.
752 1970 879 2023 Nonnulli
897 1985 946 2034 pro
965 1969 1105 2033 majoribus
1121 1966 1264 2030 distinctt.,
1275 1982 1300 2016 v.
1312 1968 1358 2023 4⁰.

243 2034 286 2081 45.
296 2035 338 2080 49.
350 2039 379 2083 et
388 2039 430 2085 dd.
449 2037 553 2099 positis,
570 2037 682 2088 minores
700 2036 870 2099 substituunt,
889 2041 918 2085 ut
936 2035 1022 2087 omnis
1042 2049 1059 2083 a
1077 2047 1151 2084 voce.
1162 2038 1359 2096 turrecsmpeu·

244 2093 334 2146 deunt.
367 2098 410 2148 ltu
429 2100 533 2163 quidem
553 2103 685 2155 sententie
699 2103 726 2152 h.
738 2102 756 2151 1.
775 2116 827 2151 ooo
846 2106 980 2150 mutatur:
1006 2098 1052 2148 sed
1070 2095 1358 2172 turnlonguspropnsl·

244 2161 328 2211 tiones
339 2164 438 2226 respuit
449 2165 543 2228 poesis.
576 2171 627 2216 tum
638 2170 789 2218 metue
806 2165 906 2215 extrusi
924 2180 958 2213 ex
975 2168 1016 2215 13.
1051 2164 1086 2213 Et
1101 2162 1359 2227 primevae....tupeer

243 2226 313 2287 conj.
325 2227 426 2280 Britan·
439 2230 501 2278 coll.
512 2231 599 2280 verbis
617 2231 771 2282 Clandiauiz
800 2229 907 2280 Tulirnd
926 2229 1000 2281 Irloeis
1034 2228 1144 2277 menceus
1161 2228 1261 2289 Jupiter
1276 2225 1357 2277 antris

242 2290 350 2340 Messi
358 2293 428 2341 stetit
436 2309 491 2345 eree
499 2296 626 2357 pote—dt
641 2298 703 2349 riae
718 2301 827 2349 ese-44
844 2300 868 2345 et
877 2297 932 2356 juro
942 2308 991 2358 pro
1030 2292 1036 2304 ‘
1051 2309 1075 2342 m
1084 2293 1204 2345 revocavi
1214 2307 1247 2341 ex
1258 2295 1300 2341 23.
1311 2294 1358 2342 26.

242 2358 329 2408 ὀδιῦθ.
339 2361 424 2406 55-60.
435 2363 476 2408 62.
485 2364 570 2411 65-69.
579 2364 664 2413 ll-tt.
704 2363 790 2411 Vetus
802 2360 918 2410 scholion
931 2365 989 2409 est:
1008 2357 1081 2408 diem
1092 2356 1355 2419 exsiccotofoeeulerto,

242 2421 427 2483 mrtliquesncto.
461 2424 735 2476 lndeSclrorzileisclr.
749 2423 934 2476 haecootavit:
960 2424 969 2457 ⁴
981 2422 1066 2475 Schol.
1086 2420 1156 2472 forte
1171 2426 1262 2471 worma
1280 2420 1355 2484 legit.

243 2483 361 2536 Glossae:
378 2491 676 2554 soceo‚exprtmo‚deeolo.
710 2492 744 2540 ln
762 2490 866 2540 utribus
885 2489 1017 2540 habebunt
1036 2487 1098 2537 olim
1116 2488 1184 2540 vina.
1218 2485 1357 2536 Desolatis

242 2548 323 2612 igitur
334 2552 428 2602 exinde
446 2552 557 2605 faecibus
577 2555 691 2619 brachia,
703 2562 826 2632 tanquam
845 2556 902 2604 oleo
921 2555 1017 2620 aliquo,
1037 2552 1143 2605 unxisse
1160 2552 1306 2601 Vulcanum
1317 2550 1359 2600 eit

241 2614 337 2678 poeta?
370 2616 530 2670 Praestiterit
540 2620 649 2685 acejum,
658 2623 699 2672 vel
711 2631 798 2687 potrus
809 2620 909 2682 estium
917 2619 960 2687 (ut
970 2633 1031 2669 mox
1040 2614 1145 2683 vett)
1154 2617 1242 2669 decute
1251 2621 1358 2691 seder,

742 2768 851 2820 NOTAE

273 2879 376 2945 Araque
385 2882 491 2948 roberti]
523 2885 573 2937 Vel
590 2883 659 2951 igne,
670 2885 712 2936 vel
722 2898 779 2936 sau·
820 2882 853 2934 de
870 2884 982 2937 Saturno
1000 2888 1028 2932 et
1046 2882 1123 2933 Jove.
1160 2880 1196 2930 Et
1208 2876 1273 2929 Coei.
1284 2875 1356 2927 Rho·

243 2957 330 3023 gulae,
341 2959 367 3008 in
376 2960 514 3012 sacrifieiis.
819 2959 872 3024 dig.
886 2972 948 3010 x111.
958 2962 999 3009 21.
1020 2958 1065 3008 ubi
1081 2954 1239 3023 mythologie
1248 2951 1355 3005 Saturni

275 3039 307 3086 38
330 3037 467 3103 Indigerroe]
499 3039 611 3101 Veteres
634 3036 671 3087 illi
692 3037 778 3087 Italiae
818 3035 1214 3099 dliosdevoruntisexplicntor.

242 3114 341 3177 populi,
353 3114 450 3165 ibidem
468 3115 533 3177 usti,
543 3116 718 3166 innocentiam
735 3130 778 3164 eo-
850 3117 883 3164 4³
910 3113 977 3164 Puer
995 3112 1096 3176 Iliacus]
1129 3105 1306 3173 Ganymedes,
1320 3103 1355 3156 de

240 3189 341 3252 lebant,
351 3207 430 3242 aurea
438 3193 543 3257 quidem
556 3198 645 3256 aetate,
661 3206 721 3241 cum
732 3191 778 3241 Sa·
819 3205 870 3257 qno
881 3191 936 3240 Sat.
947 3204 974 3239 v.
984 3205 1021 3239 vs.
1033 3193 1074 3239 59.

241 3268 490 3333 turnusregnabat3
518 3269 631 3319 nondum
650 3283 713 3320 vero
731 3269 779 3321 lu·
851 3267 965 3317 Herculis
986 3264 1062 3329 exer]
1093 3262 1170 3313 Hebe
1181 3261 1255 3312 Jovis
1266 3275 1298 3310 ac
1307 3259 1356 3312 Ju-

241 3343 319 3410 priter,
329 3345 385 3396 Sat.
397 3359 438 3395 vr.
451 3361 488 3395 vs.
498 3350 539 3395 15.
552 3351 647 3410 etseq.
817 3344 892 3393 nonis
919 3341 983 3406 filie,
1005 3340 1156 3393 luventatis
1179 3340 1246 3402 Dea,
1271 3342 1357 3402 nupta

274 3424 307 3469 89
323 3420 430 3484 Fulcem]
455 3421 561 3470 Dicitur
572 3421 641 3470 enirn
651 3420 777 3470 Saturnus
817 3419 938 3470 Herculi.
966 3417 1034 3467 Haec
1043 3421 1132 3466 etitem
1144 3414 1237 3479 primo,
1247 3418 1276 3462 et
1286 3417 1358 3479 post·

241 3494 438 3561 Agriculturam
466 3497 596 3559 docuisse,
630 3497 777 3549 insitionem
818 3512 850 3546 ea
861 3494 1028 3561 Ganymedes
1050 3494 1168 3542 Deorum
1188 3491 1356 3555 pocillatore

241 3574 412 3634 tumulorum,
423 3577 472 3624 dcc.
817 3572 948 3622 dicuntur.
980 3570 1048 3619 Vide
1061 3569 1116 3619 Cic.
1127 3568 1205 3617 Tusc.
1216 3581 1236 3616 1.

273 3651 307 3697 dd
328 3649 447 3698 δαωωκο
460 3647 573 3711 fugiens]
606 3649 696 3712 Regno
714 3647 777 3697 Cre·
849 3653 882 3698 44
899 3643 1355 3707 Siccutoneetoretergens‚lsc.]Nec·

240 3724 311 3777 tensi
323 3726 411 3789 pulsos
421 3742 437 3775 a
445 3726 513 3778 Jove
523 3724 586 3790 filio,
595 3736 623 3775 et
633 3727 660 3775 in
672 3726 778 3777 ltaliam
818 3724 880 3773 dum
890 3725 1023 3773 Vulcanus
1036 3727 1095 3785 post
1104 3721 1225 3770 haustum
1236 3720 1263 3768 in
1279 3719 1355 3770 Coelo

239 3801 357 3853 veniens.
816 3809 916 3865 nectar,
938 3799 1100 3864 detersisque
1126 3798 1247 3861 brachiis,
1274 3796 1355 3847 demi·

272 3882 304 3928 dl
316 3878 403 3929 Adhuc
412 3879 486 3929 Iuleis
495 3879 593 3943 Jupiter
602 3879 692 3945 notris]
710 3880 777 3929 Cum
817 3879 909 3942 grabet
919 3879 952 3929 ad
962 3876 1092 3927 officinam
1112 3876 1275 3939 Lipararum:
1298 3874 1354 3935 vel,

240 3953 349 4019 Jupiter
367 3956 395 4003 in
410 3956 461 4006 lde
477 3956 595 4006 Cretensi
606 3965 694 4007 monte
711 3972 777 4021 puer
816 3956 927 4008 necdum
938 3955 1071 4004 Vulcanus
1088 3954 1160 4016 nigra
1178 3967 1193 4001 e
1208 3951 1314 4002 fornace
1325 3955 1355 4005 et

239 4030 364 4092 aleretur,
374 4033 442 4081 clem
459 4032 570 4082 Saturno
587 4041 674 4098 patre,
691 4047 725 4081 oe
742 4033 776 4082 ab
817 4035 919 4083 camino
940 4032 1045 4082 brachia
1066 4031 1214 4095 detergens,
1234 4031 1354 4081 Deorum

240 4119 273 4157 eo
284 4115 471 4171 voraretur,ex
481 4109 603 4172 pactione
615 4125 673 4159 cum
683 4110 776 4159 'litanc
817 4111 990 4162 accumbebat
1005 4124 1111 4175 mense,
1123 4114 1151 4158 et
1170 4114 1262 4158 nectar
1279 4112 1354 4172 pots·

238 4182 323 4234 intre
345 4186 419 4237 inita.
463 4187 536 4238 Nota
555 4188 663 4238 Fabula.
705 4187 776 4237 Vide
817 4188 871 4239 but.
970 4216 972 4219 ·

241 4260 777 4331 Gie.deNet.Deor.2.n.dt.etseq.ulri
849 4263 966 4330 Nectere]
999 4262 1065 4318 Ques
1074 4264 1194 4315 Deorum
1211 4260 1284 4327 potio
1304 4266 1354 4314 est.
