3084 4934
628 442 665 490 l).
687 439 792 492 sunu
814 438 1027 491 Juvunnuls

599 1084 905 1182 SATIRA
961 1089 1051 1180 ΧΙ.
1090 1168 1093 1173 .

271 1378 455 1472 Aculeus
470 1406 590 1471 eximie
604 1406 635 1471 si
650 1413 771 1487 coenat,
785 1408 897 1473 lautus
911 1408 1070 1490 hebetur3

272 1509 311 1574 Si
326 1507 473 1587 Rutilus,
489 1506 632 1575 demens.
678 1508 771 1588 Quid
786 1511 874 1574 enim
888 1511 1017 1595 maJore
1032 1510 1193 1576 cachinno

272 1609 448 1696 Excipitur
461 1611 564 1694 vulgi,
578 1632 677 1696 quam
689 1633 819 1697 pauper
833 1613 998 1698 Apiciust
1022 1615 1129 1679 omnis

273 1713 464 1794 eunoicus,
479 1713 625 1795 thermae,
641 1718 810 1797 stationem
826 1737 921 1784 omne
936 1716 1097 1782 theatrum
1202 1802 1206 1809 .

304 1913 334 1964 Si
343 1913 440 1965 Atticus
455 1916 673 1980 epuleturegregie,
688 1915 824 1982 splendidus
834 1916 1005 1976 extumum
1020 1914 1160 1979 siRstilss,
1174 1928 1264 1963 secors.
1286 1911 1381 1977 Ecquid

271 1981 357 2033 etenim
366 1981 478 2031 solutiore
485 1981 561 2046 plebis
569 1984 620 2032 ries
630 1981 746 2047 carpitur,
755 1997 827 2047 quom
834 1982 901 2046 inops
911 1977 1032 2047 Apicius?
1049 1979 1152 2043 Singula
1162 1978 1278 2041 moleto,
1287 1978 1381 2042 buseo,

734 2111 914 2132 ‘neuneu‘

303 2192 435 2244 lEtimie
445 2195 627 2246 moesdcenot
638 2197 677 2248 1³.
711 2196 914 2249 Actisus24.45.
948 2195 1047 2246 oltricus
1057 2196 1099 2243 23.
1132 2192 1231 2243 Ettr'eus
1247 2192 1288 2238 18.
1322 2185 1379 2236 Sot-

270 2256 383 2313 tiouun
414 2261 547 2311 sicot-2
564 2261 593 2310 si
606 2276 708 2326 pauper,
718 2265 813 2312 demens
824 2268 865 2312 13.
898 2262 1004 2311 Rutulus
1019 2264 1059 2309 11.
1072 2263 1113 2308 23.
1123 2262 1165 2308 27.
1176 2262 1218 2306 58.
1228 2255 1378 2305 cltum.

271 2336 323 2372 nou
338 2323 451 2389 improb.
469 2324 639 2377 Sohund-s
657 2326 782 2391 Accipiter
799 2333 841 2378 24.
874 2327 972 2391 Apitr'us
986 2330 1026 2375 18.
1038 2329 1078 2375 21.
1091 2328 1132 2374 22.
1144 2327 1185 2373 23.
1196 2326 1237 2370 48.
1249 2323 1290 2369 58.
1322 2332 1380 2381 pusc-

268 2400 314 2451 P‘l’
323 2390 465 2452 splendidus·
496 2393 558 2440 unde
569 2389 662 2441 Multos
668 2407 737 2456 porro
747 2393 812 2442 sides
823 2398 864 2443 1³.
876 2393 967 2456 ejectis
979 2406 1003 2440 v.
1014 2393 1116 2440 4-8.-4
1135 2386 1279 2436 Conninctus
1290 2387 1332 2432 ll.
1348 2388 1379 2431 ut

271 2452 333 2503 alibi
341 2454 638 2519 rumorossonoonoos,
649 2464 677 2506 et
688 2456 734 2507 inf.
746 2473 771 2509 v.
782 2461 825 2507 28.
850 2458 1001 2524 fingendum.
1036 2456 1168 2504 Conventus
1179 2457 1219 2511 15.
1230 2455 1271 2500 16.
1288 2455 1318 2498 et
1335 2445 1379 2496 alil

270 2517 345 2568 codd.
357 2534 420 2584 quos
429 2521 536 2570 laudant
546 2520 658 2571 Pontan.
670 2521 792 2573 Analect.
802 2537 833 2574 11.
842 2528 883 2573 11.
894 2529 923 2573 et
933 2522 1023 2572 Barth.
1033 2519 1144 2571 Advers.
1156 2530 1228 2568 xuu.
1239 2519 1279 2565 16.
1315 2513 1379 2588 Gprr·

271 2588 362 2649 nemus,
372 2589 466 2650 wrmoe,
473 2584 595 2651 amioum,
602 2602 668 2636 smne
677 2588 785 2637 tribunal
795 2589 821 2637 in
831 2589 883 2638 Ms.
895 2588 980 2653 aliquo
990 2601 1018 2636 se
1029 2586 1125 2650 legisse
1136 2583 1201 2634 dicit
1209 2582 1281 2645 Lips.
1292 2578 1378 2643 Epist.

767 2713 874 2766 NO'l'AE

303 2825 426 2878 laeum
435 2824 533 2892 nonu]
550 2826 610 2879 Hae
621 2826 804 2895 Satirafruga·
844 2830 960 2881 Romano
981 2826 1047 2891 soro,
1064 2824 1199 2892 inquibus
1216 2820 1332 2873 homiues
1344 2817 1378 2870 ad

269 2903 330 2956 litas
340 2905 544 2967 commendatur,
561 2906 636 2956 luxus
655 2907 803 2971 damnetur,
844 2905 1042 2971 colloquendum
1054 2901 1253 2963 conveniebant,
1269 2905 1297 2949 et
1317 2911 1379 2948 con·

269 2981 413 3045 praesertim
432 2981 459 3031 ln
477 2980 510 3031 iis
531 2997 637 3046 quorum
654 2990 746 3035 tenues
764 2982 803 3032 fa·
842 2982 977 3034 sistebant.
1008 2982 1097 3032 Valet.
1110 2979 1221 3029 Maxim.
1232 2991 1263 3027 11.
1272 2980 1298 3026 2.
1314 2974 1376 3024 ‘Se-

271 3050 381 3109 cultates
392 3057 420 3106 id
431 3072 483 3108 uon
493 3057 589 3109 ferunt.
841 3057 937 3122 uatus,'
957 3059 1053 3124 inquit,
1074 3056 1221 3106 ‘assiduam
1229 3052 1376 3115 ,stationem

300 3133 408 3198 Atticus]
424 3135 526 3186 Nobilis
536 3152 567 3187 ac
577 3136 650 3188 dives
661 3135 802 3204 aliquis,ut
842 3134 986 3199 peragebat
997 3148 1029 3184 eo
1047 3132 1108 3194 loci,
1127 3129 1173 3197 qui
1191 3129 1320 3194 hodieque
1331 3128 1377 3176 Se·

268 3210 428 3276 Pomponius
449 3210 494 3260 ille
518 3212 637 3263 Ciceroni
658 3212 802 3278 t‘nmiliaris,
841 3211 961 3261 naculum
973 3210 1136 3274 appellatur:
1154 3220 1204 3256 uec
1216 3203 1379 3269 expectabat

269 3286 312 3337 cui
328 3303 361 3337 ex
379 3287 532 3338 Atheniensi
544 3303 645 3339 secessu
664 3296 693 3340 et
711 3290 801 3356 lepore
842 3294 872 3337 ut
893 3287 981 3337 edicto
1004 3281 1213 3346 contraheretur,
1241 3280 1288 3333 sed
1313 3279 1376 3330 inde

269 3361 355 3414 Attici
366 3379 509 3427 cognomen
521 3363 629 3416 fuctum.
842 3361 937 3412 citatus
948 3362 1065 3427 protinus
1082 3361 1109 3410 in
1126 3359 1225 3410 curiam
1237 3354 1379 3409 veniebet.'

301 3438 393 3489 Lautus
414 3440 522 3501 babetur,
541 3440 594 3504 tu]
626 3442 658 3491 In
677 3446 801 3508 opulento
841 3439 942 3488 Plinius
954 3437 1065 3502 Epistol.
1073 3438 1090 3467 ¹¹
1100 3436 1223 3500 Plerique
1234 3435 1266 3484 iu
1284 3434 1377 3484 statio·

270 3514 683 3581 profusioinconvtviis,1autitia
700 3507 755 3572 est:
774 3529 802 3573 at
842 3516 917 3566 nibus
940 3515 1041 3578 sedent,
1063 3519 1219 3578 tempusque
1246 3510 1377 3562 audiendo
1410 3561 1414 3567 .

271 3590 403 3642 dementia
422 3599 472 3658 est,
489 3593 511 3644 si
528 3594 593 3644 velit
613 3594 689 3663 inops
700 3603 801 3649 sumtu.
840 3591 941 3642 fabulas
963 3588 1122 3642 conterunt?
1156 3589 1225 3639 Gell.
1250 3601 1314 3638 xm.
1335 3590 1377 3639 11.

269 3666 368 3732 pariter
378 3668 474 3720 facere.
841 3666 934 3731 refert,
946 3667 1083 3733 quesitum
1099 3665 1125 3714 in
1135 3665 1267 3729 plerisque
1285 3665 1377 3714 Roma

300 3740 444 3809 Mutilus]
461 3744 802 3815 Quispiamtactuspnuper
840 3742 995 3795 stationibus
1017 3742 1067 3793 Jus
1086 3739 1190 3805 publice
1214 3740 1377 3803 docentium,

270 3819 368 3875 clnxu.
842 3837 884 3885 na,
901 3824 951 3871 &c
978 3819 1091 3869 Turneb.
1111 3833 1132 3868 1.
1155 3822 1194 3869 1⁷.
1223 3817 1376 3881 Suspicatus

302 3896 446 3962 adpictus]
478 3896 565 3951 Homo
576 3899 723 3951 luxuriosus
738 3898 803 3965 Api·
839 3899 882 3949 hic
901 3897 1013 3962 intelligi
1033 3901 1156 3960 oportere
1177 3894 1377 3959 municipiorum

267 3974 310 4026 clo
320 3975 419 4025 similis.
434 3975 504 4026 Vide
514 3976 570 4027 Sat.
582 3990 620 4028 ιν.
628 3992 669 4029 vs.
678 3982 720 4028 11.
841 3976 976 4038 stationes,
984 3988 1044 4040 quae
1054 3979 1129 4023 erant
1138 3972 1166 4023 in
1176 3970 1234 4022 foro
1245 3971 1374 4036 Romano,

298 4051 521 4114 Omnbcosntotus,
530 4052 583 4117 ton]
599 4054 643 4103 De
653 4053 743 4104 Rutilo
751 4067 800 4117 per
841 4067 948 4117 quarum
959 4049 1079 4100 meminit
1092 4049 1161 4099 Ptin.
1177 4063 1236 4099 xvr.
1247 4053 1289 4099 44.
1321 4048 1375 4099 Vs·

265 4129 352 4194 gulam
363 4129 396 4179 sd
408 4135 550 4193 egestatem
562 4129 669 4180 redacto
680 4128 799 4179 tabulan-
838 4143 895 4178 sum
920 4128 1050 4194 quaslibet
1076 4127 1164 4176 Romre
1192 4125 1317 4176 stationes
1345 4132 1374 4178 et

265 4211 311 4270 tur
329 4220 417 4257 omues
436 4207 532 4271 possim
549 4207 577 4257 in
595 4206 728 4270 conviviis,
743 4205 798 4256 bal·
837 4201 1375 4267 confabulationesalusenalesignificarl

266 4282 391 4347 ueis,&c.
838 4281 902 4332 satis
912 4286 1032 4345 apparet.
1063 4290 1066 4295 ’

294 4356 461 4422 terniones]
493 4358 627 4425 Porticus,
644 4359 797 4411 ssulocsin
871 4359 948 4408 Omne
969 4355 1100 4420 theutrum]
1142 4355 1241 4406 Omnes
1269 4354 1314 4421 qui
1339 4354 1373 4407 ad
