3084 4934
266 336 337 407 iii&
619 348 728 397 noun
754 344 1018 416 unumunurn

267 498 314 563 alt,
335 496 395 547 ideo
416 494 546 546 Aaronom
566 494 695 545 alumnum
715 493 767 542 dici
783 507 800 541 a
836 488 1211 556 Jac.noememnpipu.r1u.
1224 485 1372 540 claim.

267 576 395 630 Juvenalc
410 571 504 626 Suessa
513 573 649 623 oriundum
661 570 799 632 Lucilium,
835 566 911 631 meet]
927 566 1065 632 Adaequet.

269 649 517 719 quodcuiubellum
538 650 615 700 inter'
628 649 755 700 Sidicinos
771 655 800 698 et
869 657 901 703 25
921 651 1051 718 Uuua‘quo
1068 652 1190 715 tondente]
1216 653 1282 701 Cum
1301 663 1367 698 uniit

266 727 490 780 Auruncos‘esset
503 729 597 794 ortum,
611 725 716 789 opidum
728 724 802 774 dett·
838 723 985 794 Cinnamus,
1007 732 1050 796 qui
1063 747 1104 782 me
1115 746 1197 795 puero
1209 729 1266 781 vilis
1277 736 1369 779 tonsor

266 805 366 856 ruerint
374 804 499 872 Aurunci,
506 801 724 868 profugiquecum
736 800 802 850 libe·
838 815 903 870 erat,
914 823 973 857 cum
991 808 1110 859 omnibns
1126 808 1252 872 patriciis,
1271 804 1369 855 divitiis

268 881 305 932 ris
319 888 347 931 et
362 881 512 946 conjugibus
531 880 658 930 Suessam
670 877 801 941 venerint,
837 889 939 932 certare
948 884 1042 946 possit:
1066 883 1098 932 de
1115 897 1166 948 quo
1181 884 1262 932 Mart.
1278 882 1297 931 Ι.
1317 893 1368 930 vn.

266 959 388 1025 qneideo
396 966 456 1023 post
462 957 584 1008 Aurunca
591 956 670 1007 dicta.
681 955 804 1005 Lanu-4
837 958 892 1009 Alii
904 960 1030 1010 Licinium
1039 961 1166 1027 quendam
1176 959 1369 1022 intelligunt,—

267 1038 453 1100 Magnoque
471 1033 671 1098 Aumucoefleaa't
682 1031 800 1094 alumnus]
839 1035 940 1100 Granis]
973 1036 1048 1086 Adeo
1059 1038 1144 1101 ionga,
1164 1041 1194 1084 ut
1204 1034 1266 1084 milii
1276 1032 1370 1082 moles·

266 1115 377 1165 Turnum
390 1114 454 1164 dicit
470 1115 566 1162 Scaevoe
577 1110 701 1162 Memoris
711 1109 799 1175 Tragi·
837 1120 867 1163 ta
877 1121 947 1166 esset
958 1122 986 1165 et
997 1113 1239 1179 gravis-Sombat]
1255 1112 1309 1162 Sub
1320 1109 1370 1160 for-

266 1193 292 1246 ci
300 1190 392 1242 Poetae
403 1189 519 1241 fratrem.
551 1186 799 1245 Turnusnlcliber-
836 1190 886 1241 fiee
906 1193 1008 1242 sonanti
1029 1192 1147 1242 cadebat.
1179 1190 1291 1240 Videtur
1308 1189 1371 1239 allu-

266 1268 315 1318 tini
339 1268 447 1333 generis
466 1267 500 1324 ui
520 1268 628 1315 bonores
656 1262 798 1313 ambitione
837 1268 899 1319 dere
920 1270 953 1319 ad
972 1268 1057 1334 τρίχας
1075 1270 1237 1329 Graecorum,
1257 1267 1320 1331 παρὰ
1339 1265 1370 1314 sl

265 1344 458 1411 profecisset,
468 1349 561 1408 potens
571 1342 599 1391 in
610 1341 667 1390 aula
678 1338 798 1404 Vespasi·
835 1344 924 1410 τρίζειν
942 1347 1035 1411 dictas,
1046 1346 1114 1411 quod
1129 1347 1198 1396 inter
1210 1345 1368 1396 tondendum

267 1421 431 1475 auornm'liti
441 1426 470 1470 et
481 1417 632 1468 Domitiani·
660 1415 711 1464 Vel
723 1413 813 1463 Leni·¹
835 1423 973 1474 stridorem
985 1423 1112 1489 quendam
1121 1423 1209 1472 edant.
1220 1422 1310 1471 denies
1324 1421 1369 1470 lib.

266 1499 391 1561 umdicit,
404 1497 447 1562 qui
459 1496 553 1559 etipse
564 1495 668 1557 Satyrus
682 1489 797 1554 scripsit,
836 1498 969 1551 decom,
1003 1500 1055 1550 Hic
1068 1514 1156 1550 verpus
1175 1500 1370 1563 repetitufsat,
1440 1526 1446 1538 .

266 1576 308 1624 uel
318 1574 416 1636 Silium,
438 1579 467 1622 et
477 1571 561 1635 ipsum
572 1570 611 1618 sni
622 1567 744 1633 temporis
754 1568 799 1616 Su·
836 1590 912 1628 ms,
925 1582 983 1627 225,
1244 1569 1245 1572 ’

253 1650 389 1715 Δ,ῐγτίειιιυζ
417 1648 470 1701 Qui
482 1660 569 1697 omnes
581 1660 613 1694 ex
623 1643 747 1694 Aurunca
758 1641 798 1693 fu·
868 1658 900 1702 26
919 1656 1045 1718 campa„
1056 1655 1159 1705 Num
1167 1652 1254 1719 pm]
1279 1651 1370 1716 lnffig.

172 1729 175 1730 ’
267 1732 354 1777 erunt.
391 1724 446 1776 Vct.
456 1724 512 1773 Scir.
835 1735 913 1779 natur
923 1730 1067 1794 Juvenalis,
1082 1731 1228 1794 Crispinum
1238 1730 1369 1780 bominem

299 1809 330 1855 21
349 1804 377 1856 Si
398 1808 475 1867 umet,
492 1806 517 1850 et
535 1798 638 1863 placidi]
663 1797 690 1848 Sl
715 1797 798 1847 libeat
834 1805 995 1872 AEgyptium,
1016 1822 1050 1856 ex
1071 1807 1159 1857 servili
1169 1806 1328 1870 conditione,
1336 1805 1370 1855 ad

266 1889 294 1932 et
311 1881 346 1931 dit
373 1880 463 1942 otium,
480 1875 668 1944 manifestabo,
703 1882 731 1925 et
759 1874 798 1923 di·
836 1898 940 1933 censum
959 1892 1108 1949 equestrem
1131 1899 1187 1934 egge
1206 1890 1369 1949 provectum.

268 1978 335 2014 cam.
456 1969 460 1974 ·
834 1960 1099 2028 Parst'liucaeplelris,
1118 1962 1145 2011 id
1162 1967 1212 2025 est,
1227 1976 1319 2018 servus
1335 1975 1370 2011 ex

298 2044 331 2090 ΙΙ
349 2041 410 2089 Cum
429 2043 496 2088 tener
511 2037 611 2087 'uxorem
627 2036 698 2085 ducet
713 2032 797 2098 spado]
835 2036 927 2099 plebe:
941 2038 1051 2102 hincque
1062 2038 1222 2103 potissimum
1232 2044 1273 2087 est
1287 2036 1370 2100 indig-

265 2115 382 2176 Difficile
392 2121 441 2179 est,
450 2114 524 2177 dicit,
534 2114 645 2178 aliquem
661 2124 712 2162 non
722 2111 798 2173 Saty·
834 2111 915 2162 natio.
931 2113 1043 2176 Niliaca,
1049 2113 1193 2178 AEgyptiae.
1210 2113 1288 2163 Nilus
1300 2110 1369 2162 enim

265 2208 321 2243 ram
340 2193 465 2255 scribere,
488 2206 546 2242 curn
565 2196 640 2240 tener
660 2187 687 2238 et
714 2187 798 2236 mollis
836 2195 877 2239 est
886 2188 979 2240 fluviu's
989 2190 1106 2255 AEgypti,
1118 2189 1235 2239 Africam
1246 2189 1279 2238 ab
1289 2188 1371 2239 AEthi·

265 2270 346 2335 spado
358 2268 619 2332 exurendamque.
646 2264 797 2316 Nobiliores
835 2268 896 2333 opia
902 2266 1029 2318 dividens.
1052 2267 1191 2318 Britannia
1209 2265 1278 2340 Plio.
1288 2280 1316 2316 v.
1328 2269 1369 2314 ro.

266 2348 334 2398 enim
345 2348 465 2397 mulieres
475 2346 600 2397 nolebant
608 2355 709 2408 parere,
725 2343 760 2412 ob
770 2343 796 2392 id
834 2345 972 2409 -Cuuopfl
983 2346 1083 2397 Civitas
1094 2350 1136 2395 est
1146 2345 1173 2394 iu
1182 2344 1296 2408 AEgypto
1307 2342 1371 2392 dno·

264 2426 398 2477 nubebant
418 2423 585 2489 spadonibus,
608 2429 637 2471 ut
653 2436 687 2471 ex
702 2421 798 2485 Satyra
834 2420 918 2471 decim
939 2422 1092 2473 milliaribus
1107 2422 1140 2471 ab
1159 2420 1321 2471 Alexandria
1332 2419 1369 2468 di-

265 2517 305 2553 vi.
317 2508 418 2554 constat
428 2518 434 2550 ε
446 2508 492 2551 aut
503 2501 523 2550 si
534 2501 587 2550 ulla
597 2499 698 2549 ratione
705 2513 797 2549 conce·
834 2498 983 2564 stans,fano
990 2502 1123 2565 Serapidis
1130 2500 1250 2564 celebris,
1256 2499 1371 2549 omnium

265 2582 374 2645 picaeni,
403 2585 506 2644 parturn
534 2577 676 2641 abigebant
702 2578 797 2642 poculo
834 2578 970 2628 libidinum
991 2587 1071 2646 atque
1089 2580 1267 2644 impuritatum
1287 2577 1371 2628 domi-

264 2657 392 2709 abortivo.
412 2656 504 2720 ‚Spurio
520 2668 584 2718 ergo
600 2660 641 2704 est
657 2654 700 2703 cui
715 2659 796 2723 testes
834 2657 931 2715 cilium.
948 2659 1036 2710 strab,
1055 2673 1125 2709 xm,
1150 2656 1369 2708 Fam-Cano-

266 2733 348 2784 erulsi
360 2730 598 2795 sunt‚1autnerui‚e
612 2728 705 2795 quibus
714 2736 796 2782 testes
831 2735 870 2799 pi]
886 2735 1007 2799 Canopus
1018 2735 1124 2800 opidum
1142 2734 1368 2799 AEgypti‚dictum

262 2809 424 2874 dependent.
458 2809 601 2871 castratus,
623 2806 666 2857 cui
685 2807 748 2857 colis
770 2814 798 2857 et
835 2826 851 2860 a
873 2810 1045 2875 gubernatore
1065 2805 1189 2873 Menelai,
1207 2811 1253 2875 qui
1271 2810 1368 2860 ibidem

266 2894 358 2938 testes.
370 2887 430 2937 vide
441 2886 496 2936 Sat.
513 2900 552 2936 vr.
567 2900 604 2935 vs.
617 2885 798 2934 secerneris
835 2902 922 2938 morsu
931 2888 1059 2953 serpentis
1070 2888 1214 2938 exstinctus
1224 2892 1276 2938 est.
1314 2883 1368 2937 Vel.
1423 2913 1427 2918 ·
1522 2887 1523 2922 l

256 2960 440 3028 'diuesmtscd
473 2960 535 3012 Alia
543 2962 691 3030 indignatio
699 2963 726 3011 in
743 2977 798 3011 mu·
835 2964 892 3016 Solu.

264 3042 358 3093 licium
384 3040 656 3106 impudentiamque
676 3040 798 3104 tempori·
868 3046 900 3092 2⁷
919 3041 1057 3107 Crispinus]
1074 3040 1371 3105 Eservofactusmagi·

264 3119 314 3169 bus
333 3118 478 3169 Domitiani
495 3116 523 3167 in
534 3114 684 3166 venationes
695 3123 723 3166 et
733 3131 798 3181 pug·
835 3122 891 3168 ster
901 3119 1018 3184 equiturn
1037 3120 1158 3169 Neronis.
1175 3119 1240 3171 Quie
1251 3132 1316 3168 vero
1332 3133 1370 3168 se·

264 3211 312 3250 nas
334 3197 475 3247 theatrales
497 3194 705 3245 descendebant:
726 3193 796 3244 unde
836 3201 950 3261 quantur
977 3195 1009 3244 de
1036 3195 1151 3246 vestibus
1176 3195 1316 3260 purpureis
1341 3198 1370 3243 et

264 3274 395 3324 Martialis
403 3273 495 3338 Epigr.
504 3285 540 3322 vr.
548 3271 593 3322 lib.
604 3273 688 3335 spect.
699 3271 719 3302 ·‘
729 3271 796 3321 Haeo
834 3271 920 3336 anulo,
931 3272 1064 3336 equestria
1075 3269 1151 3337 'signa
1167 3272 1301 3321 denotant.
1322 3271 1369 3337 ilr-

260 3350 316 3414 jam
343 3350 466 3401 foemiuea
488 3348 599 3399 vidimus
621 3355 681 3397 acta
701 3346 796 3398 manu?
831 3349 891 3413 rim,
901 3348 928 3397 id
938 3355 989 3413 est,
1007 3349 1151 3415 purpureas
1170 3365 1186 3398 a
1207 3343 1290 3413 Tyro.
1312 3347 1368 3397 Sat.

265 3425 327 3476 Vid.
338 3427 444 3477 Sueten.
458 3426 556 3476 Neron.
566 3439 590 3475 c.
601 3424 733 3486 lLTacit.
743 3422 797 3473 An·
833 3438 861 3475 x.
882 3440 918 3476 vs.
930 3430 971 3475 38.
1005 3425 1085 3491 Apud
1104 3420 1266 3477 Scholiasten
1280 3425 1369 3489 legen·

264 3505 316 3554 nal.
337 3507 377 3553 15.
394 3507 444 3554 duc.
460 3503 561 3552 Britan.
577 3499 693 3551 Sumitur
707 3507 796 3551 autern
833 3500 894 3550 dum
904 3500 1049 3551 rideturde
1065 3501 1203 3565 coniugibus
1219 3495 1327 3564 missa,
1341 3505 1370 3551 et

263 3580 359 3632 'Meuia
379 3594 427 3644 pro
446 3591 598 3644 quacunque
619 3569 752 3639 impudica
767 3582 796 3627 et
833 3576 930 3625 Sabina
940 3577 1059 3640 Poppaea
1067 3575 1244 3641 urtelligenda,
1254 3577 1369 3627 Neronis

264 3657 370 3708 lasciua.
396 3656 504 3719 luseum
518 3652 689 3715 ferociorem,
703 3658 796 3716 utpote
833 3668 935 3719 quoqne
945 3668 1026 3712 uxor.
1040 3653 1287 3704 Gronau-Homero
1301 3669 1368 3704 reso·

264 3734 393 3786 eTuscia.
705 3740 708 3744 ’
832 3730 962 3796 suntque]
979 3732 1046 3783 Qua
1067 3731 1110 3779 vol
1125 3729 1235 3780 mollitie
1251 3731 1368 3796 velpon·

255 3850 274 3861 ,,
297 3815 330 3861 24
346 3811 467 3861 Patricius
481 3822 560 3860 omnm
575 3807 669 3873 opibus]
685 3806 747 3857 Alia
757 3806 796 3858 in·
833 3808 895 3859 dere
906 3807 1057 3859 defluxere:
1071 3808 1113 3858 vel
1123 3822 1180 3874 quae
1191 3807 1299 3873 rejectae
1305 3815 1368 3859 sunt

264 3886 391 3955 dignatio,
402 3885 471 3951 quod
486 3883 663 3950 ignobilissimi
670 3884 798 3935 adolatio·
832 3885 859 3935 in
883 3887 1015 3935 brimeros:
1044 3885 1140 3935 ‘Suam
1161 3884 1206 3950 qui
1224 3883 1367 3934 undantem

264 3964 380 4015 nibuset
395 3963 537 4017 aliismslis
555 3961 651 4013 artibus
665 3963 795 4014 adtantas
833 3962 995 4026 chlamydem
1010 3959 1155 4026 quassando
1173 3958 1255 4011 facit’
1287 3960 1368 4014 Pluu-

245 4054 327 4105 vopes
338 4039 515 4104 pervenerint,
526 4044 556 4089 ut
568 4038 621 4089 suis
634 4038 733 4091 divitiis
744 4055 797 4091 orn-
834 4044 876 4089 tus
894 4038 999 4103 Epidio.
1028 4037 1105 4088 Adeo
1116 4037 1184 4088 enim
1196 4035 1298 4090 fractus
1309 4045 1367 4087 erat

265 4114 797 4181 nesputricios,exnobilibusetsenatori·
832 4115 949 4180 mollitie,
959 4121 992 4165 ut
1002 4116 1125 4180 penulam
1135 4114 1276 4164 inhnmero
1286 4107 1366 4179 prop·
1399 4129 1402 4136 ¹

262 4190 314 4244 bus
334 4197 417 4256 natos,
435 4207 570 4257 prmooure,
587 4198 616 4242 et
632 4191 725 4257 opibus
736 4207 796 4242 cum
832 4198 875 4242 ter
892 4191 994 4256 pondus
1009 4206 1062 4243 non
1078 4190 1225 4254 retinuerit,
1234 4190 1280 4241 sed
1291 4190 1367 4241 deor-

263 4266 327 4332 ipsis
350 4274 452 4321 cenare
470 4283 522 4320 non
543 4269 796 4336 erubescantqvide
833 4282 1005 4337 sumrergere
1016 4282 1107 4334 passm
1124 4268 1168 4333 sit,
1187 4267 1265 4319 itaut
1276 4269 1365 4318 hume·
