3084 4934
256 342 324 416 866
611 362 722 416 rora
743 364 947 416 rssrouuu
970 364 1011 418 ιη

256 509 351 567 tonius.
381 508 425 562 Sic
435 510 562 563 audacter
572 512 735 577 Scirioppius.
828 510 906 575 plebe
914 509 1364 581 perscua.Labia.—Nosrqsed,ae.]

289 595 308 640 a
324 590 440 655 lumea]
456 589 508 643 Qui
518 592 628 655 incestu,
639 592 681 642 vel
692 592 792 642 incesto
829 589 939 640 lnrislve
947 590 1036 641 laudat
1044 591 1236 655 comparatione
1246 591 1362 656 Crispini

258 668 400 719 concubitu
418 683 447 718 se
467 670 570 733 polluit,
588 670 648 718 dum
665 669 792 733 virginem
829 665 913 715 bonos
923 666 1013 717 dicens
1024 668 1040 697 '
1056 682 1107 716 uon
1118 682 1150 719 ea
1161 668 1361 734 objiciensqna

257 743 391 794 Vestalem
408 746 596 810 constupravit,
615 753 646 796 ut
663 747 792 810 sequitur.
829 743 857 792 in
868 757 926 793 eum
937 745 1084 809 turpissima
1095 751 1162 797 suut.
1191 746 1244 796 Ver.
1255 745 1313 796 Sci.

258 820 309 872 Est
328 827 414 871 autem
433 821 546 885 incesse,
567 823 611 888 qui
629 822 792 886 illegitimam
862 825 894 870 14
912 821 1055 885 Quidogoo]
1081 823 1147 873 cum
1158 828 1211 874 tam
1221 821 1364 887 flagitiosus

257 903 345 950 tentat
366 900 648 963 Venerem-Vittoto]
665 900 791 951 Sacerdos
830 905 858 949 et
869 901 1012 950 sceleratus
1022 900 1056 949 sit
1066 901 1208 965 Crispinus,
1216 899 1279 965 quid
1286 898 1365 963 agas?

256 975 331 1038 virgo
341 976 467 1039 Vestalis,
478 977 550 1026 vittis
564 977 692 1028 redimita.
726 980 793 1028 Erat
830 975 875 1040 qdi
888 984 915 1025 te
926 976 1070 1039 contineas,
1080 977 1144 1041 quin
1155 976 1274 1040 objicias,
1292 975 1363 1040 quod

258 1051 408 1103 enithrta
418 1067 551 1102 commuue
560 1054 688 1119 quoddam
697 1056 791 1118 capitis
830 1053 934 1117 quidem
946 1053 973 1101 in
990 1068 1022 1102 eo
1037 1059 1079 1102 est
1096 1053 1280 1116 turpissimum
1312 1051 1362 1102 His

258 1130 792 1184 sacerdotaleornaurentum.Idem—Cam
829 1130 915 1181 verbis
941 1145 969 1180 ee
996 1130 1028 1180 ad
1054 1129 1221 1180 scribendum
1244 1131 1364 1194 Satyrum

256 1222 303 1272 pao
324 1207 409 1272 asper]
438 1208 565 1258 Ultimum
585 1210 682 1259 Flavias
705 1212 791 1275 gentis
829 1207 948 1258 hortatur
968 1208 995 1257 in
1017 1207 1283 1272 Crispinum-Dira]
1314 1208 1363 1257 Est

256 1285 437 1339 Domitianum
448 1285 525 1337 dicit:
543 1287 592 1337 lroc
610 1288 679 1340 enirn
698 1288 792 1339 ordine
829 1283 1364 1347 autemdirum,laorrendum,exsecrabile,

257 1369 442 1427 regnaverunt,
457 1365 539 1427 Nero,
556 1366 739 1431 Vespasianus,
749 1368 791 1417 'Ii-
829 1363 903 1427 quasi
918 1365 1037 1412 Deorum
1051 1361 1091 1411 ira
1105 1361 1252 1410 immissum.
1268 1361 1362 1409 Festus.

257 1443 311 1502 eus,
324 1441 499 1490 Domitianus.
521 1442 643 1493 Vetdci.
828 1439 959 1488 —Fordior
972 1438 1155 1501 merenies]
1183 1437 1264 1505 Quasi
1276 1436 1360 1486 dicat:

291 1521 322 1566 1⁰
334 1517 455 1579 Sanguine
464 1516 552 1580 adbuc]
568 1518 651 1568 Poeua
663 1520 791 1585 virginum
830 1516 975 1579 Crispinus,
993 1515 1050 1580 ipso
1059 1515 1124 1565 vitio
1135 1513 1236 1578 turpius
1246 1512 1310 1576 quid
1319 1513 1364 1562 eda

257 1594 401 1644 Vestalium
417 1596 577 1654 vitiatarum,
596 1596 666 1661 quod
685 1598 751 1647 rivoe
763 1599 792 1646 iu
827 1593 878 1643 huc
890 1598 918 1642 et
928 1594 1013 1657 pejus.
1030 1592 1119 1642 Labie.
1149 1590 1363 1656 comparativum

257 1670 401 1735 parietibus
413 1671 588 1736 struebantur,
604 1678 650 1722 sut
663 1680 735 1723 terra
745 1673 790 1723 ob·
829 1684 877 1734 pro
890 1670 1017 1731 absoluto,
1029 1670 1124 1721 Fatus.

257 1745 414 1797 ruebantur:
436 1747 474 1796 sic
494 1753 582 1797 autern
597 1763 613 1798 a
628 1750 714 1799 Numa
730 1765 791 1800 cou—
862 1752 892 1797 lb
911 1749 1013 1797 Mallem
1030 1762 1073 1797 seu
1088 1745 1202 1809 millibus]
1236 1745 1362 1796 Lasciriss

258 1822 389 1873 stitutum.
435 1824 531 1874 Severe
557 1824 638 1874 etiam
666 1826 791 1890 puniebat
829 1823 1163 1887 eumcondemnavit3jam
1175 1824 1363 1887 guloeetlusu·

257 1899 315 1949 hec
347 1900 475 1950 adulteria
501 1902 677 1952 Domitianus.
720 1903 791 1953 Nam
829 1898 883 1948 riae.
918 1899 1008 1947 Mallus
1024 1898 1111 1961 piscis,
1130 1899 1174 1962 qui
1191 1898 1254 1947 alias
1273 1897 1363 1948 barbio
1449 1934 1454 1943 .

259 1975 404 2026 Corneliam
423 1975 521 2040 defodi,
537 1984 566 2029 et
586 1985 749 2043 stupratores.
763 1981 791 2029 in
828 1975 871 2025 sel
884 1974 965 2024 barbo
977 1974 1081 2037 dicitur,
1092 1975 1125 2023 ab
1136 1972 1265 2023 inferioris
1283 1972 1363 2024 barba

258 2053 365 2103 comitio
386 2054 419 2102 ad
441 2068 532 2105 necem
554 2056 622 2105 caedi
643 2056 791 2120 imperavit.
830 2052 1044 2102 labri-Petam
1056 2050 1104 2113 Μ]
1134 2052 1193 2101 Non
1211 2052 1297 2113 h⁰m⁰2
1316 2050 1362 2101 ⁸⁸⁶

259 2128 649 2196 Idem—Songutneuotseeteo]
666 2133 793 2184 Hecvir-
829 2144 948 2194 persona.
970 2128 1087 2179 Vct-Sele

259 2205 362 2269 ginibus
378 2208 469 2256 Vestae
486 2221 563 2270 poena
578 2207 791 2274 fuitdecrets,si
860 2210 894 2255 ’16
910 2204 1063 2269 [Εᾳιωιηι]
1090 2204 1364 2254 Sexlibrasillemul·

258 2279 360 2332 vitiatas
378 2282 497 2345 fuissent,
516 2284 581 2334 vive
600 2285 627 2334 iu
647 2287 791 2350 parictibus
829 2284 869 2333 lus
878 2282 1019 2347 pendebat,
1028 2281 1140 2332 totidem
1149 2281 1271 2332 sestertia
1279 2296 1364 2346 aequa·

259 2358 437 2421 struebantur,
449 2365 494 2409 arat
507 2360 556 2410 sub
567 2367 638 2412 terra
649 2363 792 2414 obruebau·
830 2358 886 2421 bat,
906 2366 970 2424 quot
989 2359 1067 2408 librat
1084 2358 1212 2408 habebat:
1239 2373 1297 2422 quae
1317 2372 1363 2407 aex

259 2439 311 2486 tur.
331 2435 450 2486 madet.
717 2437 722 2447 '
830 2437 960 2498 sestertia,
972 2451 1019 2485 sex
1030 2436 1111 2485 miliia
1121 2434 1364 2486 efficiuntuurnmu·

291 2518 324 2563 ἰι
336 2513 469 2577 nefartis,
479 2514 533 2578 aa]
545 2517 659 2580 Crispini
670 2518 791 2569 dicimus.
830 2512 1197 2563 rum·-Solmaa·16⁰·aoreoa·
1231 2514 1299 2571 Vide
1309 2515 1364 2563 Bu·

260 2589 341 2642 Quasi
360 2590 445 2640 dicat:
471 2592 539 2642 Haee
558 2593 671 2657 Crispini
691 2593 793 2660 flagitia
830 2588 1218 2654 daeumdewellb·1·-Sw]
1231 2591 1364 2654 scriptito,

259 2663 358 2714 leviora
378 2666 471 2726 adhuc,
494 2682 548 2730 prae
571 2667 743 2720 delationibus
764 2678 793 2722 et
830 2667 1364 2732 luxuriamquarilsadatetmiratardaae

259 2739 319 2789 aliis
330 2742 490 2805 gravioribus
502 2745 651 2805 sceleribus,
663 2762 721 2812 quse
734 2763 793 2812 per.
830 2743 1093 2811 bie-Soudi'riget:
1102 2744 1171 2796 forte
1179 2745 1316 2810 legendum
1326 2745 1364 2795 ia·

259 2819 383 2883 petrarit.
417 2822 498 2874 Quasi
517 2822 602 2873 diost:
619 2824 679 2875 Jaru
691 2830 793 2875 tantum
829 2837 894 2885 sore,
905 2824 954 2873 boc
963 2829 1012 2886 est,
1020 2823 1110 2873 imane
1119 2819 1214 2888 pretio,
1222 2823 1259 2873 sic
1268 2823 1365 2875 scaea

260 2896 295 2946 de
305 2897 439 2947 levissimis
456 2899 570 2964 Crispini
581 2898 687 2964 flagitiis
696 2902 792 2953 dicam.
830 2915 962 2950 mrum
977 2900 1046 2964 apud
1059 2901 1128 2951 Plin.
1139 2907 1181 2950 est
1197 2900 1280 2950 insani
1296 2914 1364 2950 sunr-

259 2973 331 3022 *Et
346 2979 425 3025 tumes
435 2974 507 3038 olto]
534 2976 679 3029 Correctio.
712 2980 793 3031 Quasi
832 2983 873 3026 tus
895 2992 958 3042 quos
981 2977 1081 3027 iaciunt
1102 2979 1128 3026 in
1150 2977 1240 3027 citreis
1266 2978 1363 3031 mensis

260 3046 347 3100 dicat:
366 3051 491 3103 Quamvis
501 3053 550 3103 boc
561 3054 645 3103 scelus
657 3055 738 3105 levius
747 3055 792 3119 sit,
830 3053 956 3103 emendis.
974 3053 1247 3117 Grau—Equestria]
1270 3055 1322 3104 Sex
1334 3054 1363 3103 li·

258 3132 348 3176 tamen
357 3128 379 3177 si
391 3128 458 3178 alter
474 3129 543 3179 idem
553 3128 678 3195 flagitium
688 3134 793 3184 commi-
830 3129 944 3194 brorum,
955 3131 1000 3195 qui
1010 3136 1112 3181 tautum
1123 3131 1209 3195 potuit
1222 3130 1320 3180 babere
1337 3130 1364 3179 iu

259 3202 346 3266 sisset,
367 3219 383 3253 a
404 3205 555 3258 Domitiano
572 3207 663 3271 judice
683 3224 793 3274 morum,
831 3207 958 3272 pondere,
966 3214 1092 3273 quantum
1102 3206 1231 3270 inpretio.
1246 3206 1361 3257 ΗΜ.

260 3280 417 3346 quasivero,
434 3289 462 3331 et
477 3283 601 3345 censore,
618 3285 793 3351 damnaretur,
864 3290 895 3335 17
916 3286 950 3334 Ut
964 3284 1100 3349 perbibent]
1137 3286 1174 3334 Ut
1195 3289 1362 3335 attestantur.

261 3360 291 3404 et
299 3357 474 3410 occideretur.
508 3359 579 3411 Plin.
597 3362 673 3426 epist.
691 3376 731 3413 ιν.
751 3368 791 3414 11.
830 3362 989 3413 Adulatores
1009 3369 1037 3414 et
1056 3363 1174 3427 parasiti,
1196 3363 1240 3428 qui
1260 3375 1364 3427 semper

258 3433 347 3484 Indis.
829 3441 929 3505 majora
942 3443 1093 3506 loquuntur,
1109 3448 1138 3490 et
1155 3442 1240 3490 omnia
1251 3440 1363 3491 dicendo

294 3515 325 3562 1²
342 3512 590 3580 Subiudicemcram]
614 3519 793 3569 Damnaretur
830 3518 970 3582 adaugent.
989 3520 1069 3571 Grec.
1103 3519 1147 3568 Sic
1158 3519 1252 3582 passim
1269 3519 1363 3570 Poitre

260 3587 411 3639 scensore.
433 3589 549 3641 Veraci
631 3614 633 3621 ⁴
829 3595 863 3644 de
885 3596 1033 3645 reinserta
1055 3594 1316 3651 aristolaus-Qus·
1334 3597 1364 3646 de

295 3667 325 3713 18
344 3664 408 3714 Nom
419 3670 480 3730 quod
489 3668 570 3731 turpe]
603 3670 673 3719 Nam
684 3670 718 3720 ob
732 3687 792 3737 quoe
829 3671 931 3733 mageis,
942 3672 998 3735 tia]
1019 3671 1134 3734 Etenim,
1149 3670 1157 3697 ⁴
1169 3672 1246 3721 Fama
1256 3672 1362 3734 malum,

260 3740 364 3792 aliiriri
384 3743 493 3806 honesti,
512 3752 634 3810 tanquam
654 3747 687 3797 ob
707 3751 794 3814 turpia
830 3750 899 3814 quod
923 3751 993 3801 vires
1019 3748 1150 3798 accrescit
1176 3747 1365 3805 subdol—Qui

259 3818 416 3870 damnamur
427 3831 455 3872 et
465 3824 621 3885 puniuntur;
637 3824 682 3875 illa
700 3827 792 3877 honori
827 3826 971 3890 murgum]
1003 3826 1121 3890 Diuites,
1140 3826 1282 3890 gluttones.
1312 3828 1364 3877 Vct.

260 3901 288 3944 et
303 3895 398 3946 'decori
419 3904 480 3947 suut
499 3899 627 3964 Crispino.
660 3900 705 3951 Sic
724 3901 793 3953 iufra
828 3904 883 3956 cot.
1147 3940 1150 3947 ·

259 3970 337 4021 dicit:
355 3973 423 4023 ‘ille
435 3989 539 4024 crucem
555 3976 662 4025 sceleris
678 3979 792 4041 pretium
862 3985 894 4030 18
913 3979 1199 4044 eomaomtomorttt
1209 3980 1363 4045 objectioni,

259 4045 337 4109 feret,
356 4049 398 4100 bic
420 4050 656 4101 diadema.'—l'itio
680 4054 792 4119 Suoque]
830 4070 882 4122 qua
893 4058 949 4122 quis
960 4057 1073 4118 diceret3
1085 4058 1164 4107 Forte
1178 4065 1231 4108 tam
1241 4057 1363 4122 preclari

259 4126 338 4175 Viros
357 4129 468 4192 optimos
488 4144 503 4179 e
523 4131 600 4194 vulgo
619 4131 746 4197 intellige,
765 4140 794 4183 et
829 4134 908 4197 piscis
924 4149 1039 4198 munere,
1059 4133 1136 4183 alicrd
1158 4135 1214 4184 seni
1236 4134 1311 4194 orbo,
1331 4149 1363 4185 ac

261 4203 373 4266 quosvis.
406 4205 449 4254 Hi
461 4206 530 4257 euim
549 4221 582 4256 ex
597 4206 700 4258 officina
715 4209 792 4261 Jure·
829 4209 1038 4275 diritipalpotua
1048 4217 1099 4273 est,
1115 4210 1214 4276 sibique
1224 4210 1364 4275 acqubirit

256 4281 445 4346 'somniorum
462 4299 510 4350 pro
530 4285 620 4354 queris
638 4287 748 4353 evulgo
764 4294 793 4340 et
828 4286 956 4350 potiorem
975 4286 1138 4342 hereditatis
1158 4286 1187 4340 iu
1205 4291 1362 4341 testamento
