3084 4934
253 357 320 426 728
612 375 647 421 D.
669 373 774 423 suun
801 375 1020 427 luventatis
1080 393 1083 401 ·

256 516 422 583 Numina!
445 516 585 583 Lanatis
599 518 796 585 animalibus
811 520 955 585 abstinet
970 524 1077 588 omnis

254 619 387 687 Mensa.
433 620 540 688 Nefas
553 622 621 686 illio
636 622 754 688 foetum
764 623 920 707 jugulare
936 627 1099 710 capellae:
1165 691 1167 694 .

255 722 420 789 Carnibus
434 725 588 790 humanis
601 728 693 791 vesci
706 728 796 792 licet.
839 726 994 793 Attonito
1010 749 1086 794 cum

253 826 339 893 Tale
354 849 455 914 super
469 849 599 894 coenam
614 830 743 895 facinus
757 838 901 896 narraret
917 831 1038 897 Ulixes

252 1049 358 1093 creseunt
365 1044 392 1094 irs
402 1045 504 1097 hortulis
514 1046 575 1099 Dii!
591 1049 681 1114 Brutia¹
691 1051 806 1113 lanigeris
818 1055 920 1115 parcunt
931 1051 1033 1114 simle
1048 1068 1147 1103 menso:
1164 1052 1197 1103 ili
1207 1070 1286 1118 cupro
1296 1061 1362 1106 cota·

251 1110 299 1157 lum
307 1110 411 1161 oeddm
420 1112 567 1178 prolibatur,
577 1113 620 1176 fua
638 1130 698 1166 vero
714 1122 749 1165 ert
767 1117 869 1166 bominis
883 1133 977 1167 emnem
988 1120 1115 1168 comedere.
1150 1120 1250 1175 Quando
1264 1121 1364 1186 Ulqsacs

251 1370 860 1431 rs.—1asoetumoiotoreao.—1sluminaret
879 1383 929 1431 illic
947 1384 979 1431 od
997 1398 1065 1432 socru
1081 1382 1194 1432 rendli.
1227 1382 1360 1432 veseilibet·
1396 1365 1400 1374 ¹

250 1437 290 1484 28.
323 1437 550 1491 montana-14
568 1444 667 1499 Quando
686 1462 756 1510 cuper·
771 1463 859 1497 oenum
876 1454 980 1497 monstro
996 1448 1046 1497 ltoec
1055 1452 1164 1497 annotet
1176 1452 1216 1497 13.
1249 1449 1360 1497 remouit

247 1502 291 1550 Ἠ.
329 1501 412 1552 lilixm
423 1506 513 1570 recepi
524 1522 556 1555 ex
568 1514 608 1560 17.
620 1515 659 1559 19.
672 1515 712 1561 20.
724 1516 763 1561 58.
801 1514 892 1577 ulyxes
901 1518 942 1564 23.
954 1518 996 1564 lt.
1008 1519 1048 1564 47.
1079 1514 1282 1578 VulgoUiysacs.
1317 1513 1359 1564 Cf.

748 1674 855 1726 NOTAE

250 1791 311 1841 darn
333 1794 401 1844 enirn
420 1798 536 1864 ffigyptii
555 1803 661 1869 lentem,
682 1808 727 1857 alii
745 1806 783 1857 fa·
826 1823 885 1859 cum
905 1809 931 1858 in
950 1810 1091 1875 AEgyptnm
1109 1826 1141 1859 eo
1158 1817 1275 1874 tempore
1295 1808 1363 1862 navi·

249 1867 317 1932 baffio
335 1871 379 1920 ulii
397 1888 471 1938 oaepe
491 1881 686 1933 reverebantur.
718 1886 783 1935 Dio·
827 1887 974 1949 gasseuaus!

249 1945 391 2000 dor-citat·
860 1962 1361 2030 racamuoumaooeouroq-nro

284 2028 313 2074 ll
331 2026 432 2078 bondis
441 2032 581 2085 animalibus
590 2037 706 2104 obstinet]
722 2041 786 2092 Ovi·
826 2038 883 2088 dor.
902 2041 949 2090 cit.
967 2042 1146 2094 moxslocoita
1159 2042 1257 2106 pergit:
1275 2040 1361 2090 ‘Pre-

250 2100 297 2151 bus
314 2103 489 2173 abstinebant,
505 2114 626 2178 quoniam
646 2115 685 2166 bis
703 2118 785 2169 edunt
825 2123 913 2166 mente
946 2118 1085 2183 aliquando
1113 2118 1250 2184 AEgyptios
1281 2114 1359 2179 fame,

248 2178 336 2247 fretus,
349 2184 486 2253 lanamque
498 2192 646 2253 praebentes
658 2196 730 2244 vario
742 2212 784 2246 ac·
825 2193 890 2242 adeo
902 2199 931 2243 ut
942 2196 1030 2258 plures
1049 2194 1081 2244 ab
1096 2194 1208 2243 lrumanu
1218 2208 1309 2255 carne,
1325 2193 1358 2243 ol)

248 2260 436 2311 commodatam
456 2268 523 2330 usui,
541 2268 582 2318 lac
603 2277 733 2334 praeterea
744 2289 785 2323 ca·
823 2271 936 2335 inopiam
946 2272 999 2321 cibi
1015 2288 1065 2322 uon
1083 2273 1253 2334 abstinerent,
1266 2272 1361 2321 arrima-

248 2350 373 2402 seurnque
386 2342 562 2403 suppeditant.
583 2346 692 2397 Diodor.
823 2348 939 2399 liasacra
950 2350 1053 2403 omuino
1066 2349 1163 2399 intacta
1176 2348 1321 2413 reliquerc.’
1350 2405 1353 2410 q

282 2414 313 2460 ¹2
326 2412 783 2492 N‘fsstillisssoeitmjmlorecopelloe]
856 2428 968 2477 Attonito
989 2444 1043 2478 oum
1064 2430 1122 2489 tole,
1150 2426 1203 2491 lfa]
1231 2427 1359 2492 Exemplo

248 2484 332 2538 Paulo
353 2498 413 2540 aute
434 2494 488 2543 dixi
511 2510 615 2561 capram
638 2501 783 2570 Mendesiis
824 2507 939 2556 ostendit
950 2516 977 2556 et
989 2506 1104 2557 illustrat
1117 2522 1174 2570 quae
1186 2505 1253 2555 dixit
1268 2506 1302 2555 de
1315 2506 1359 2556 im·

248 2570 327 2630 atque
338 2566 437 2617 hircum
448 2570 560 2624 adorari.
584 2575 639 2625 Cic.
659 2579 737 2629 Tusc.
754 2595 782 2631 v.
822 2585 1259 2651 mauiAEgyptiorumerudelitate.
1349 2635 1352 2640 ,
1418 2637 1420 2640 ,

247 2656 274 2691 n.
292 2647 332 2693 78.
351 2645 360 2672 ‘
372 2645 473 2696 lllorenr
485 2648 666 2716 AEgyptiorum
678 2657 734 2721 quis
744 2658 783 2720 iq·
855 2668 887 2712 14
905 2665 1025 2713 Narrarel
1050 2664 1134 2713 Ulixes
1147 2661 1258 2724 Alcinoo]
1281 2662 1358 2727 Ulys·

173 2781 175 2786 ,
247 2720 341 2803 norat?
355 2721 458 2772 Horum
478 2726 583 2778 imbutae.
604 2740 782 2784 menteseuo-
814 2754 863 2789 ses
885 2754 980 2803 nempe
1003 2739 1143 2804 naufragus
1161 2739 1194 2788 ad
1217 2740 1359 2807 Corcyram
1403 2756 1405 2760 ·

247 2794 317 2843 ribus
341 2798 483 2861 quamlibet
513 2803 687 2857 carnificinam
710 2810 781 2873 prius
821 2816 935 2865 Insulam
948 2819 1074 2866 enatavit.
1109 2816 1139 2865 ln
1150 2830 1182 2866 eo
1198 2822 1251 2865 tum
1270 2805 1362 2880 tregren-⁴

247 2870 383 2938 wbitrint,
403 2890 477 2939 quam
497 2878 565 2943 lbiu,
586 2888 631 2931 aut
652 2884 780 2950 aspidem,
821 2894 866 2943 bat
886 2894 1011 2945 Alcinous
1027 2896 1168 2945 Pbaeacum
1185 2895 1250 2945 Rex.
1271 2894 1358 2959 Hujus

247 2954 294 3037 apt
305 2946 393 3013 felem,
402 2959 447 3002 aut
458 2969 557 3023 canem,
566 2966 612 3009 aut
623 2964 783 3014 crocodilum
823 2968 877 3020 filia
897 2971 1027 3021 Nausicaii
1046 2973 1143 3022 nuduru
1160 2979 1188 3021 ct
1198 2978 1321 3037 egentem
1331 2973 1358 3022 in

245 3027 359 3079 violent:
389 3046 497 3095 quorum
516 3036 617 3089 etiamsi
633 3041 783 3105 impruden·
821 3047 909 3097 littore
927 3047 1048 3113 Ulyssem
1062 3049 1170 3114 invenit,
1190 3050 1299 3115 ejusque
1314 3050 1358 3100 nri·

247 3108 286 3152 tes
307 3105 439 3171 quidpiam
461 3109 584 3179 fecerint,
606 3131 707 3181 poenam
725 3123 782 3171 nul·
821 3123 933 3173 aertaad
945 3133 1046 3189 petrem
1063 3126 1203 3188 perduxit:
1221 3141 1299 3191 aquo
1313 3127 1358 3184 be,-

245 3181 294 3231 laur
305 3186 444 3237 recusent?
458 3189 571 3241 Diodor.
581 3194 654 3252 citat.
662 3211 696 3248 rr.
706 3202 731 3250 4.
742 3200 780 3249 ita
821 3201 899 3266 uigne
907 3209 1035 3268 exceptus
1043 3203 1111 3254 iuter
1121 3205 1274 3256 coenandum
1286 3220 1360 3256 euar-

245 3258 341 3347 reiert:
360 3263 408 3313 ‘si
426 3266 483 3329 quis
504 3269 650 3321 animalium
671 3273 779 3326 istorum
821 3281 889 3330 ravit
907 3281 952 3332 ille
971 3296 1031 3332 suos
1047 3282 1080 3331 ab
1091 3282 1164 3332 annis
1174 3289 1358 3347 septemerro-

245 3335 350 3401 a¹¹‘l'¹⁰d
362 3340 588 3406 ⁰⁰‘i'delitrffl0lte
600 3347 781 3402 diffluatur·-
822 3376 863 3411 res
874 3377 905 3412 ac
916 3363 1035 3413 labores:
1052 3364 1267 3428 quemadmodum
1279 3378 1295 3414 a
1306 3365 1359 3415 Po·

244 3410 372 3478 Adeoque
392 3425 492 3467 mentes
516 3420 646 3474 hominum
665 3430 781 3489 pervasit
820 3438 943 3501 lyphemo
964 3441 1092 3505 Cyclope,
1109 3447 1189 3506 atque
1211 3440 1357 3506 Antiphate
1451 3479 1453 3482 -
1513 3437 1514 3440 Ἴ

243 3502 276 3537 ea
288 3491 450 3555 superstitio,
460 3502 490 3545 ut
502 3512 553 3561 quo
565 3504 681 3565 tempore
690 3504 779 3556 Ptole·
819 3515 1019 3580 Laestrygonum
1037 3519 1110 3582 Rege
1137 3518 1359 3584 anthropophagio

242 3580 325 3614 maeus
338 3568 394 3617 Rex
406 3584 421 3618 a
433 3572 554 3623 Romanis
571 3579 655 3628 socius
673 3588 701 3630 et
718 3583 781 3633 ami·
819 3593 922 3657 quidam
942 3609 957 3643 e
979 3595 1031 3643 suis
1047 3595 1164 3645 devorati
1184 3604 1288 3647 essent:
1306 3601 1356 3648 duc.

244 3656 290 3693 cus
311 3644 396 3707 dictus
417 3655 465 3711 est,
484 3654 703 3716 applaudentibus
724 3662 779 3725 qui·
819 3668 927 3719 Homer.
941 3670 1070 3735 Odyssu.
1087 3677 1142 3724 Μ).
1154 3677 1195 3723 lo.
1212 3674 1357 3724 Tnliavero

184 3765 191 3777 ,
243 3719 303 3809 dem
314 3722 455 3809 AEqypfflr,
466 3726 599 3794 Italusque
610 3733 779 3786 studioseex·
819 3744 864 3793 illo
881 3745 1014 3797 referente
1031 3749 1128 3813 (inquit
1146 3749 1295 3815 Juvenalis)
1313 3765 1357 3800 ac·

243 3799 409 3861 cupientibus,
427 3809 513 3853 tarueu
530 3820 588 3857 curu
606 3811 779 3874 qrriuamRo·
819 3823 994 3874 cambeotium
1005 3826 1143 3876 Phaeacum
1154 3827 1259 3893 quidam
1269 3828 1356 3878 ridere

242 3887 334 3924 ¹¹¹³¹¹¹¹⁸
357 3874 435 3926 selim
463 3879 647 3948 ίῦῐθῐῗὶθῑὲθθΐ,
669 3889 701 3946 td
723 3892 778 3955 ejus
818 3896 1355 3963 fabulosa,aliivannmosteutatoremirr-

243 3949 346 4039 domum
365 3967 490 4005 concursu
504 3960 587 4022 plebis
602 3960 683 4028 facto,
693 3981 779 4033 nequo
819 3973 930 4038 dignari,
947 3992 977 4027 ac
994 3977 1081 4028 dicere
1094 3980 1135 4028 uel
1151 3981 1267 4043 cogitare
1283 3979 1353 4046 apud

243 4041 258 4074 a
271 4028 356 4091 Regiis
368 4029 401 4078 ad
412 4031 438 4078 id
447 4034 534 4094 ‚missis
548 4036 724 4106 Principibus,
735 4059 779 4093 ne·
818 4065 862 4099 se:
888 4052 1016 4103 hunccine
1034 4053 1208 4106 fabulatorem
1226 4073 1304 4107 nemo
1327 4057 1354 4107 iu

242 4117 292 4167 que
304 4101 480 4157 Romanorum
501 4110 594 4162 timore
613 4118 779 4170 absterrerier
818 4141 890 4179 mare
902 4130 1010 4194 abjicit?
1030 4133 1189 4197 Charybdim
1210 4135 1288 4200 fingit
1305 4133 1354 4186 fal·

243 4195 319 4243 pocna
329 4184 439 4271 bortrinis
450 4193 592 4254 potuerint.
627 4197 710 4267 eranr
724 4214 778 4251 rom
818 4218 883 4269 sam,
894 4214 922 4257 at
933 4224 994 4258 uera
1003 4214 1043 4259 est
1054 4209 1147 4275 dignus
1159 4214 1231 4279 ipse,
1242 4229 1293 4279 qua
1310 4214 1354 4264 nlt-

243 4271 293 4305 uon
316 4259 406 4311 auditu
434 4267 596 4330 percepimus
626 4273 672 4321 sed
702 4277 777 4340 visu3
817 4292 919 4347 surptus
932 4292 1032 4352 pereat,
1042 4291 1092 4338 tre.
1348 4275 1350 4280 ⁴
