3084 4934
192 375 297 446 Μ
588 392 625 440 u.
646 390 751 440 sunu
775 390 987 441 tuvnnams

218 535 309 601 ‘Nec
319 535 449 622 jactare
458 534 591 619 jugum,
603 536 673 601 vita
684 536 830 602 didicere
844 537 1014 619 magistre.

233 636 321 717 Quae
338 643 402 702 tam
416 638 501 701 festa
517 636 598 715 dies,
613 644 650 700 ut
664 643 773 702 cesset
787 639 927 722 prodere
938 638 1057 716 furem,

232 740 424 816 Perfidiam,
441 740 587 818 frondea,
603 746 703 824 atque
718 745 809 806 omni
825 762 868 805 ex
884 743 1017 806 crimine
1030 742 1159 805 lucrum

234 825 435 920 Quaesitum,
450 848 484 905 et
498 851 613 926 partos
628 843 738 925 gladio
754 845 806 907 vel
822 843 948 928 pyxide
962 844 1139 907 nummosi
1298 841 1344 907 25

234 942 318 1009 Rari
334 945 456 1029 quippe
469 946 567 1009 boni:
590 965 745 1009 numerus
761 946 822 1009 vix
834 949 886 1009 est
899 944 1047 1022 totidem,
1061 950 1143 1027 quot

233 1046 424 1111 Thebarum
440 1052 557 1130 portae,
574 1048 626 1112 vel
639 1047 753 1112 divitis
768 1049 856 1112 ostia
873 1046 957 1111 Nili.

236 1148 337 1213 Nona
352 1152 568 1233 netassagitur,
583 1152 764 1235 pejoraque
779 1151 906 1215 saecula
919 1151 994 1215 ferri

235 1251 478 1336 Temporibus:
501 1274 642 1337 quorum
656 1253 775 1317 sceleri
787 1273 855 1316 non
869 1254 994 1317 invenit
1005 1255 1083 1338 ipsa

236 1353 382 1434 Nomen,
397 1361 431 1420 et
445 1375 466 1420 a
480 1357 570 1420 nullo
584 1357 699 1440 posuit
710 1354 843 1419 Natura
855 1356 1001 1422 metallo.
1299 1354 1345 1418 30

236 1542 345 1588 amere
356 1540 478 1589 erudiente
488 1540 539 1589 cite
554 1546 609 1591 sunt
620 1540 704 1590 edocti.
739 1540 854 1596 Quoenum
865 1540 917 1589 dier
926 1538 963 1588 ita
972 1538 1091 1601 antemnis,
1100 1552 1153 1602 que
1163 1551 1209 1586 non
1217 1535 1345 1599 deprehen·

237 1605 281 1653 dat
291 1604 424 1667 hboeinm,
428 1605 550 1668 sabrina,
561 1608 633 1668 dolos,
644 1610 667 1655 et
676 1610 790 1669 questum
798 1621 841 1668 per
852 1603 946 1669 quodvis
956 1603 1023 1664 rtefcs
1032 1607 1201 1666 comparatum,
1209 1606 1278 1664 atque
1288 1615 1343 1664 spes

235 1668 363 1731 seqandas
380 1684 442 1730 ense,
458 1676 501 1719 eut
511 1670 622 1722 vasculo?
647 1670 724 1719 Pauci
733 1671 795 1719 enim
805 1678 866 1719 sunt
874 1670 959 1733 probi:
975 1671 1018 1717 ntae
1028 1683 1123 1717 nomem
1134 1670 1273 1737 tctextant,
1286 1667 1343 1728 quot

239 1731 370 1782 netarum
379 1739 466 1811 porte,
475 1741 518 1784 ant
529 1736 675 1814 abundantis·
682 1735 737 1785 Nitt
747 1750 804 1811 cru..
841 1736 913 1785 Nona
923 1734 1096 1810 414141ρί119,
1106 1748 1134 1781 ne
1144 1737 1250 1794 temporo
1262 1729 1344 1791 taren

235 1798 320 1847 seculo
327 1801 453 1866 deterrere,
464 1816 562 1865 uuonan
579 1816 676 1851 mamam
691 1801 871 1865 appellationem
887 1815 934 1849 nen
949 1803 1039 1864 reperet
1057 1813 1109 1863 epea
1126 1802 1304 1860 autemsaepe
1314 1793 1345 1844 ab

695 1947 879 1969 tunctune

235 2046 301 2092 -23
312 2043 383 2104 fieres
392 2050 500 2098 45.-24
516 2065 548 2098 ex
559 2048 635 2100 abest
646 2066 661 2100 a
673 2054 779 2101 16.-26
795 2062 904 2100 numerus
914 2046 956 2096 uix
965 2049 1000 2095 eet
1011 2044 1110 2093 totidem
1121 2040 1191 2108 (scih
1202 2035 1347 2104 11914ῑῦ1191)

237 2109 387 2174 quot(sunt)
400 2112 533 2164 Thebarum
550 2120 627 2178 porte
645 2121 669 2166 1.
690 2120 731 2168 13.
750 2121 791 2165 14.
811 2119 851 2164 18.
868 2117 910 2163 48.
926 2115 967 2162 79.
985 2115 1026 2162 tt.
1045 2113 1085 2161 76.
1105 2098 1347 2183 menesatem&

235 2186 346 2222 numerus
356 2177 476 2226 enodem
486 2179 586 2229 militum
591 2181 645 2241 fuit
656 2196 700 2244 ep.
710 2181 790 2230 Corn.
798 2181 869 2242 Nep.
877 2177 976 2241 Iphicr.
988 2181 1013 2225 2.
1022 2188 1117 2224 nurnero
1126 2187 1168 2222 net
1179 2176 1235 2220 sunt
1246 2171 1346 2244 tottdem

237 2240 278 2285 19.
290 2242 372 2288 15-17.
384 2245 424 2290 19.
435 2246 519 2292 21-27.
529 2248 571 2293 45.
584 2250 625 2294 46.
635 2249 677 2294 47.
689 2249 731 2295 49.
743 2250 784 2294 59.
797 2247 882 2293 55-69.
893 2245 979 2292 71-14.
991 2243 1032 2290 tt.
1064 2252 1160 2287 numero
1171 2240 1225 2285 sunt
1241 2249 1285 2282 ctx
1302 2237 1345 2282 29.

235 2303 493 2355 eumeroeirtotidem
503 2312 543 2357 11.
578 2310 704 2360 Numerus.
720 2311 763 2358 cix
774 2314 828 2358 sunt
840 2308 939 2359 totidem
955 2304 1070 2357 malebat
1081 2299 1208 2352 Schurzfl.
1221 2306 1347 2362 tanquam

236 2367 434 2418 convenientius
445 2372 511 2434 stylo
522 2371 682 2437 poetae-2⁷
699 2374 777 2423 hostia
788 2378 828 2424 19.
837 2378 881 2423 29.
893 2377 934 2421 25.
945 2374 986 2419 45.
995 2374 1036 2419 46.
1047 2372 1089 2419 47.
1100 2371 1141 2415 49.
1154 2369 1196 2417 ut.
1207 2369 1249 2413 68.
1261 2366 1347 2438 6467·

237 2434 303 2481 -28
327 2433 399 2485 Nece
416 2439 456 2485 16.
467 2440 509 2485 22.
542 2437 620 2500 igtur
636 2443 678 2489 22.
712 2440 798 2491 Fuere
817 2439 861 2504 qui
880 2436 1058 2501 conjicerent:
1086 2433 1157 2482 Nune
1175 2434 1235 2478 cetus
1252 2432 1346 2491 ⁶8³⁸?-

739 2579 850 2631 NOTAE

270 2669 303 2716 ²²
320 2667 575 2740 Nerjartarejugom]
607 2676 659 2729 Qui
673 2692 726 2727 non
736 2676 774 2728 fe·
813 2675 966 2742 septemflua
976 2674 1073 2728 Ovidio
1081 2668 1287 2734 Metamorphoa.
1298 2678 1349 2718 xv.

237 2749 301 2792 runt
330 2744 498 2809 impatienter
518 2752 580 2801 vitae
601 2753 774 2820 incommoda,
813 2755 890 2806 Dices
908 2751 1175 2809 autemhicvocatur,
1186 2758 1291 2810 quaene
1302 2756 1349 2791 ex·

238 2818 359 2884 malaque
370 2824 463 2888 omnia,
475 2827 568 2891 quihus
577 2829 694 2880 homines
712 2837 774 2881 sunt
813 2830 955 2882 undatione
981 2830 1123 2894 AEgypturn
1150 2824 1225 2874 ditat.
1278 2817 1349 2869 Vide

239 2891 355 2947 obnoxii.
814 2924 872 2973 quae
884 2908 1004 2958 annotavi
1023 2907 1080 2957 Sat.
1096 2917 1136 2954 vr.
1153 2917 1194 2952 vs.
1205 2904 1245 2952 84.
1261 2898 1295 2948 ad
1307 2911 1350 2947 ro·

272 2974 305 3020 25
317 2973 426 3040 Pyatde]
437 2976 555 3044 Veneno,
563 2982 632 3046 qnod
641 2982 667 3033 in
675 2969 774 3049 pyxide
814 2999 882 3047 cem,
896 2985 989 3033 Nilum.

241 3047 412 3100 condebatur.
446 3054 620 3120 Metonymia.
845 3066 878 3111 28
895 3061 966 3110 Nona
975 3057 1045 3121 retus]
1063 3056 1182 3109 Quatuor
1193 3057 1286 3103 aetates
1299 3051 1350 3101 La·

272 3127 306 3173 ²⁶
331 3126 395 3175 Bm
415 3130 501 3193 9119114
518 3131 584 3194 b⁰¹¹5]
616 3131 719 3185 Alludit
740 3135 774 3185 ad
814 3139 863 3189 tini
879 3137 1041 3199 statuebant,
1060 3141 1090 3185 ut
1109 3137 1182 3198 patet
1202 3145 1236 3180 ex
1252 3127 1350 3180 Ovidis

149 3250 152 3253 .
239 3199 393 3265 Sapientem
418 3221 561 3258 numerum.
608 3210 646 3259 Hi
673 3218 775 3276 septem
815 3215 1019 3278 Metamorphos.
1042 3226 1063 3261 1.
1107 3210 1146 3259 At
1168 3207 1258 3258 Graeti
1278 3211 1351 3269 octo,

239 3274 323 3341 fuere,
334 3280 401 3330 sicut
412 3289 512 3345 septem
525 3284 580 3333 Nili
593 3285 669 3349 ostia,
678 3295 706 3336 et
717 3301 775 3352 sep·
815 3297 879 3357 quot
897 3296 958 3340 sunt
974 3289 1089 3351 metalla,
1106 3300 1210 3350 nempe,
1227 3283 1353 3348 Auream,

240 3357 295 3402 tem
306 3361 389 3417 porta
401 3356 567 3410 Thebarum:
584 3367 615 3410 ut
623 3361 690 3411 bene
700 3369 777 3414 notat
816 3374 977 3434 argenteam,
1003 3367 1151 3425 electream‚
1173 3376 1278 3425 aeream,
1307 3373 1352 3409 cn-

240 3431 412 3482 vetusSehol.
816 3460 915 3511 pream,
942 3452 1084 3505 stanneam,
1117 3438 1275 3505 plumbeam,
1301 3435 1353 3486 fer-

273 3509 305 3556 27
324 3507 466 3571 metuam]
494 3512 654 3563 Boeotiarnm
664 3528 777 3578 nempe:
816 3537 896 3574 ream.
930 3519 1097 3583 Nonaigitnr
1115 3523 1179 3567 aetas
1199 3514 1254 3564 istis
1272 3512 1353 3563 omni-

240 3596 301 3633 nam
312 3583 443 3649 AEgyptiae
452 3586 548 3638 Theba
564 3595 654 3654 portas
671 3598 777 3641 centnm
817 3601 865 3652 bus
878 3599 951 3667 pejor
962 3599 1039 3664 quae?
1063 3597 1105 3646 An
1115 3595 1202 3645 lutea?
1218 3593 1285 3642 Sunt
1296 3590 1354 3656 qni·

241 3657 362 3709 habuisse
367 3662 513 3725 jactantur.
816 3677 865 3727 bus
887 3679 944 3726 haec
967 3672 1149 3739 interpretatio
1169 3685 1222 3720 non
1244 3667 1354 3731 arridet,

274 3736 439 3788 Divitisostic
450 3738 515 3802 Nut]
548 3740 635 3790 Multa
650 3748 710 3793 sunt
725 3757 775 3793 ea:
818 3752 863 3803 sed
891 3767 941 3802 nec
963 3765 995 3801 ea
1015 3748 1112 3801 tectio:
1144 3748 1236 3810 legunt
1263 3743 1355 3807 igitur,

241 3826 333 3864 verum
352 3816 525 3866 celeberrima
547 3824 647 3882 septem
673 3835 777 3870 enume·
820 3830 957 3884 Nuncoetes
965 3826 1108 3890 agitante.
1139 3822 1223 3872 Isaac.
1234 3818 1355 3882 Vossius,

234 3895 344 3955 -rantur,
354 3893 441 3943 strab.
453 3894 471 3943 1.
486 3907 558 3944 xvu.
576 3901 605 3944 et
616 3897 685 3946 Plin.
696 3912 725 3947 v.
737 3902 777 3947 19.
818 3911 878 3956 octo
896 3904 955 3956 ilias
973 3908 1065 3953 aetates
1086 3899 1172 3950 credit
1183 3897 1355 3962 appellatnsa

241 3968 386 4032 proximum
416 3969 581 4022 Alexandria
607 3973 777 4039 Canopicum,
817 3979 1044 4045 ooeliregionibus,
1061 3990 1124 4043 quas
1143 3981 1204 4025 octo
1220 3971 1356 4023 faciebant

153 4082 165 4099 χ
242 4042 337 4094 deinde
372 4046 544 4109 Boibitinnm‚
571 4048 777 4113 Sebenniticum,
817 4056 994 4120 Pythagorei:
1008 4068 1102 4104 nonam
1114 4064 1186 4115 vero,
1195 4050 1228 4098 de
1240 4062 1291 4123 qus
1301 4048 1356 4113 hic,

242 4119 427 4185 Pintniticum,
455 4124 644 4190 Mendesieum,
674 4127 777 4176 Tamti·
818 4134 952 4183 aTeltnre
963 4130 1156 4183 denominatam
1167 4127 1305 4191 opinatnr3
1326 4126 1354 4176 in

213 4213 215 4217 ’
243 4207 312 4259 ⁶³⁸¹,
333 4197 506 4249 Pelssiiflcum·
551 4201 621 4252 Hinc
643 4203 699 4253 Nili
720 4219 778 4269 tep-
817 4209 921 4260 Libello
929 4210 965 4260 de
975 4207 1068 4277 Sibyll.
1085 4207 1164 4258 Orac.
1177 4203 1287 4253 Oxcniae
1306 4217 1355 4253 nn-

243 4274 484 4341 aeargentatae
498 4279 610 4346 Virgine
627 4281 778 4335 annau.
818 4302 867 4353 per
877 4286 959 4353 ento,
969 4281 1029 4351 etp.
1039 4288 1063 4337 s.
1075 4281 1198 4348 urrrjam
1208 4279 1254 4332 nt.
