3084 4934
275 331 341 409 884
627 346 736 396 norm
758 345 960 399 venrosurr
984 347 1024 411 ru

275 492 380 555 §sente
390 491 444 556 ise]
462 491 610 555 Stomacho,
621 491 808 558 indignatione,
843 490 943 556 idest,
960 491 1096 558 egednge
1117 493 1337 560 enimprobutum
1347 500 1378 548 et

272 569 390 632 projecit
406 568 456 619 tibi
470 583 563 634 penem
580 569 760 623 secundarium
778 575 807 621 et
843 567 1071 634 impudentiorem,
1089 576 1118 621 ut
1133 571 1214 635 etiem
1225 570 1323 623 donnini
1333 587 1376 636 pe-

273 644 434 698 vilissimum.
843 660 902 695 nem
911 646 1087 697 candidiorem
1099 648 1162 697 veiis
1175 656 1292 714 tangere.
1319 648 1377 699 inb.

305 726 338 771 68
359 722 477 787 Vende]
495 723 557 773 Non
567 721 684 786 scissum,
694 722 762 788 quod
771 721 806 773 ob
844 723 912 773 Gali.
927 738 984 786 pore
1005 725 1027 774 ie
1045 724 1245 789 σαι-Μαρία]
1269 724 1376 777 Pistoris

274 797 396 855 duritiem
416 815 493 865 quam
514 806 647 850 vetustate
667 799 806 864 contraxit,
843 800 885 852 vel
895 800 973 865 vasis,
983 800 1010 851 iu
1021 815 1074 868 quo
1085 802 1160 866 panis
1170 802 1300 867 coquitur.
1329 804 1377 851 Vct.

272 876 331 928 fieri
341 892 393 927 non
405 883 519 942 poterat,
528 877 573 927 sed
581 876 625 926 vix
636 891 696 926 enm
707 890 807 927 summe
844 878 901 929 nst.

273 951 692 1018 difficultatefrsctum.—Frnstu]
715 953 806 1015 Idest,
876 961 907 1007 73
930 956 1050 1021 Superest,
1067 959 1122 1023 ise]
1138 958 1170 1007 Id
1190 963 1240 1020 eet,
1256 973 1334 1022 super
1350 964 1376 1009 te

272 1029 419 1095 fragmenta
435 1030 563 1081 durissimi
579 1030 663 1095 panis,
679 1030 805 1096 quaejam
843 1039 913 1084 estat
940 1034 1090 1084 observator
1119 1036 1162 1084 vei
1188 1041 1277 1085 eustos
1305 1034 1377 1099 pauit

272 1112 404 1157 mucorem
422 1107 499 1171 longa
516 1112 650 1158 vetustate
670 1111 806 1157 contraxe-
842 1110 970 1177 ἂρτόιτης,
989 1113 1034 1179 qui
1046 1112 1186 1164 candidum
1197 1113 1270 1163 illum
1281 1112 1377 1163 domini

271 1183 475 1249 rint-Fam]
521 1184 637 1235 Materia
658 1199 705 1250 pro
724 1191 805 1235 mate·
842 1205 936 1254 penem
954 1204 1030 1256 quem
1042 1188 1153 1254 tetigisti
1163 1196 1191 1239 te
1200 1203 1288 1240 rursus
1299 1194 1376 1254 cogat

272 1261 347 1313 rinto.
843 1268 984 1332 deponere.
1017 1265 1271 1329 dobin-Artoptoe]
1304 1266 1377 1319 Meis

302 1346 336 1392 69
354 1342 486 1408 euersa]
518 1344 550 1394 Id
568 1351 617 1409 est,
633 1360 691 1411 quae
711 1344 805 1411 frusta,
843 1345 962 1410 Interpp.
974 1346 1047 1411 ajunt
1069 1359 1172 1394 servum
1190 1342 1270 1393 fnisse
1286 1342 1320 1394 ab
1339 1343 1376 1393 in·

271 1432 330 1487 pum
341 1418 374 1469 ob
385 1419 516 1486 duritiem,
525 1437 639 1475 morsum
648 1437 700 1472 non
712 1423 804 1473 admit·
842 1420 976 1486 spiciendo
1004 1436 1071 1486 pane
1099 1421 1138 1471 sie
1165 1421 1274 1471 dictum.
1316 1421 1376 1471 Non

271 1502 340 1558 tunt,
352 1495 462 1547 solidum
479 1505 508 1548 et
526 1498 731 1550 robustissimum
742 1499 805 1549 den·
842 1513 917 1549 servo
929 1499 976 1549 sed
992 1498 1043 1564 ipsi
1059 1498 1123 1563 pani
1140 1495 1289 1547 reverentia
1299 1496 1377 1548 debe·

270 1577 325 1639 tem
335 1571 405 1622 inter
415 1573 712 1636 molaresfortissimum,
723 1575 805 1625 deles·
841 1576 933 1640 batur3
960 1577 1015 1626 sive
1039 1583 1178 1641 artocopus
1199 1576 1301 1640 legatur
1328 1590 1376 1640 pro

270 1654 330 1698 sent
348 1654 376 1698 et
394 1649 551 1713 defatigent.
584 1651 720 1701 Genuinus
739 1651 804 1703 dens
841 1666 907 1718 pane
925 1651 1065 1704 artificiose
1083 1653 1232 1713 elaborato,
1259 1652 1315 1702 sive
1336 1666 1376 1702 ar·

269 1724 367 1788 dictus,
376 1726 446 1791 quod
464 1742 481 1776 a
496 1727 569 1790 genie
585 1728 709 1791 pendeat.
737 1730 804 1781 Fert.
841 1735 916 1795 topta
926 1730 961 1780 sit
973 1730 1047 1794 panis
1059 1730 1132 1779 velut
1146 1736 1254 1793 assutus,
1264 1726 1375 1778 fortasse

269 1801 496 1868 Mihingignendo
505 1804 636 1867 dicuntur,
644 1806 804 1871 quodnovis·
841 1809 987 1871 eseheritis,
1000 1808 1044 1874 qui
1054 1807 1195 1872 pretiosus.
1228 1798 1364 1856 invasu.

270 1879 805 1946 simiinhominegignsntnr,ut7viswsa
873 1890 904 1934 75
933 1884 997 1948 Vin',
1015 1884 1069 1948 in]
1085 1885 1121 1934 Et
1138 1882 1194 1932 haec
1220 1897 1277 1932 mes
1293 1882 1373 1932 lectio

268 1954 379 2018 pissone
400 1963 461 2008 suut
471 1964 500 2008 et
510 1959 698 2011 stabiliores-et
716 1962 803 2013 robus·
840 1961 981 2011 verehaud
992 1960 1079 2011 dubie.
1113 1960 1183 2010 Nam
1195 1959 1216 2009 si
1232 1960 1274 2008 nix
1293 1960 1373 2024 legas,

268 2034 349 2093 tiores
361 2035 386 2084 hi
402 2035 504 2097 dentes,
520 2044 550 2087 ut
564 2043 705 2103 propterea
720 2054 803 2090 mere·
840 2040 936 2090 nullam
958 2055 1070 2104 unquam
1087 2039 1238 2089 concinnem
1257 2038 1300 2088 hie
1316 2052 1372 2091 serr·

268 2114 567 2176 anturnomengeneini.
589 2117 804 2180 Ergononidem
840 2117 947 2167 tentiam
967 2117 1135 2167 exstruxeris.
1167 2118 1216 2167 Est
1228 2122 1315 2166 autem
1330 2116 1372 2166 hie

268 2190 366 2252 pinum,
376 2204 427 2240 non
438 2191 603 2257 iidemsersi,
613 2208 665 2244 non
674 2194 744 2244 idem
755 2209 803 2258 po·
838 2205 943 2241 sensuri
969 2192 1049 2243 Visne
1070 2199 1099 2243 tu
1119 2191 1328 2263 audax-hospes,
1344 2196 1374 2243 et

268 2273 319 2329 tus,
329 2268 460 2319 nunidem
471 2271 555 2334 panis.
839 2269 949 2320 convive
961 2271 1109 2335 importune
1121 2270 1195 2332 (sunt
1206 2270 1275 2318 enim
1294 2269 1374 2320 verm

300 2348 333 2392 w
349 2344 405 2408 Sed,
415 2351 491 2410 tener,
501 2349 554 2412 ise]
578 2347 677 2398 Contra
687 2349 802 2413 optimus
838 2345 996 2410 increpantis
1006 2344 1134 2410 ἂρτόπου)
1150 2345 1280 2396 consuetis
1290 2345 1371 2399 cenn-

268 2422 343 2486 panis
370 2424 474 2476 domiuo
498 2427 603 2476 Virroni
620 2429 802 2492 apponitur.-
839 2422 895 2482 tris,
906 2422 932 2472 id
944 2431 994 2485 est,
1004 2423 1124 2488 panibus,
1133 2423 1226 2488 quibus
1238 2423 1316 2486 soles,
1327 2424 1373 2475 im·

268 2500 348 2564 Molli,
358 2503 411 2565 ipe]
421 2503 462 2550 Ex
473 2503 550 2564 elios,
561 2503 616 2553 sine
628 2505 680 2554 ulio
690 2503 802 2570 furfure,
838 2499 905 2563 pleri
926 2506 954 2550 et
973 2501 1093 2565 saturari,
1114 2507 1142 2551 et
1163 2500 1239 2564 panis
1258 2500 1296 2549 tui
1314 2496 1373 2548 hor-

265 2575 360 2639 mollis,
381 2578 506 2627 candidus
518 2587 547 2629 et
563 2589 638 2630 tener
654 2581 802 2633 admodum.
838 2577 937 2641 deecei,
947 2584 975 2628 et
986 2579 1108 2643 durioris,
1118 2594 1169 2644 quo
1181 2578 1371 2643 quotidieeibs·
1459 2648 1462 2653 Ι

267 2651 438 2715 Galipninle
452 2654 554 2705 bunede.
838 2655 882 2718 ris,
898 2655 1010 2706 colorem
1021 2657 1114 2706 nosse?
1131 2657 1175 2722 qui
1188 2670 1235 2720 per
1247 2671 1369 2705 summam

297 2733 329 2778 71
346 2730 474 2792 Dentrem,
484 2731 538 2794 dn]
556 2732 588 2781 Id
599 2738 648 2797 est,
655 2734 726 2784 Cave
736 2734 799 2783 dex·
836 2733 1025 2796 impudentiam
1036 2733 1115 2784 etiam
1125 2732 1262 2784 candidum
1275 2731 1372 2783 domini

266 2810 349 2855 teram
362 2811 433 2857 tuem
442 2808 568 2857 extendes
581 2809 614 2858 ad
623 2824 717 2873 panem
725 2811 798 2861 ilium
837 2824 938 2877 panem,
946 2826 997 2861 non
1009 2811 1057 2860 tibi
1067 2810 1226 2860 destinatum
1234 2816 1263 2859 et
1269 2810 1370 2874 apposi-

265 2883 378 2944 mollem,
388 2899 438 2934 non
451 2885 498 2935 tibi
510 2885 677 2939 destinatum.
837 2892 902 2951 tum,
920 2887 1208 2952 attingas.-Cnnistris]
1229 2887 1283 2936 Pro
1301 2901 1369 2951 pene

297 2963 330 3009 tn
354 2961 474 3025 Artoptae,
492 2963 545 3027 ipe]
562 2961 594 3012 Id
614 2969 660 3025 eet,
677 2963 798 3027 Pistoris,
836 2963 864 3012 in
892 2960 1167 3033 canistris'eontento.
1200 2963 1367 3014 Idem.-Vin'

265 3035 392 3101 quinium
410 3038 522 3099 domiuo,
537 3055 587 3090 non
604 3047 690 3090 autern
707 3041 799 3091 clienti
835 3040 873 3104 ts]
890 3041 933 3091 Sic
952 3041 1086 3105 corrigunt
1099 3042 1200 3104 Interp.
1211 3040 1282 3106 quod
1292 3041 1368 3092 aliter

264 3112 532 3180 coxit-Reverentia]
561 3117 663 3181 Honor,
675 3125 703 3168 et
714 3118 798 3181 digni·
835 3114 905 3166 nuile
915 3117 1043 3166 concinna
1053 3116 1184 3166 sententie
1199 3117 1298 3166 exstrui
1309 3130 1367 3181 pos·

264 3196 305 3240 tes
324 3191 405 3243 illaesa
426 3201 543 3245 manenti
563 3195 613 3243 Vel
633 3210 697 3244 cave
717 3195 797 3245 laedas
836 3189 878 3241 sit.
910 3192 963 3241 Sed
975 3194 1084 3243 nechoc
1103 3193 1180 3243 modo
1192 3207 1372 3243 verussensus

263 3264 481 3321 existimationem
491 3273 604 3335 pistoris,
613 3272 656 3337 qui
668 3271 740 3320 iilum
752 3286 797 3336 pa.
834 3267 895 3317 elici
906 3275 1001 3333 potest.
1034 3270 1167 3320 Cureninr
1183 3270 1292 3319 convive
1307 3271 1368 3319 nolit

263 3359 323 3394 nem
338 3345 510 3409 domino,non
528 3353 616 3399 autem
632 3347 682 3397 tibi
694 3362 796 3410 praepa·
833 3344 928 3408 impleri
937 3347 1052 3396 eornuetis
1062 3343 1191 3398 enimse?
1207 3346 1285 3397 idest
1299 3361 1365 3411 pene

262 3422 340 3485 revit,
358 3431 386 3473 et
397 3424 445 3472 tibi
462 3423 607 3473 emanibus
623 3424 658 3474 sit
675 3439 796 3475 excussu·
833 3420 962 3470 communi
980 3428 1008 3470 et
1027 3422 1140 3485 piebejo,
1158 3423 1207 3472 hoe
1227 3422 1296 3472 eninr
1307 3437 1366 3472 con·

262 3512 317 3549 rus.
350 3498 403 3549 Alii
422 3501 555 3565 explicant
566 3502 689 3566 Astomi,
707 3503 794 3553 elabo.
833 3502 907 3546 sueto
918 3498 1034 3547 canistra
1046 3497 1173 3547 indicant:
1200 3497 1366 3562 potiundice.

262 3574 411 3639 retipanis:
429 3578 497 3641 quod
508 3577 541 3626 ab
553 3578 795 3642 illopanecsndide
832 3580 884 3636 ret,
903 3573 949 3622 ἀπ’
960 3575 1085 3625 iudomim'
1100 3591 1187 3639 ponem
1197 3567 1279 3625 aedon
1292 3574 1366 3625 ettin-

262 3657 291 3701 et
308 3651 423 3703 studiose
443 3653 576 3705 elaborato
599 3654 731 3705 abstinere
749 3655 794 3705 de·
829 3651 909 3713 gere?
927 3652 973 3701 sed
992 3652 1013 3701 si
1031 3653 1073 3702 eir
1091 3653 1235 3702 retineatur
1252 3652 1321 3716 qnod
1337 3652 1364 3702 iu

262 3729 397 3792 bestcnm
406 3732 679 3797 reverentiaquadam.
695 3736 794 3798 Legen-
831 3731 944 3795 vulgatis
955 3736 1050 3792 exstet,
1061 3744 1146 3795 neque
1157 3729 1194 3778 sic
1204 3744 1293 3779 sensus
1304 3743 1366 3780 eon·

261 3806 321 3859 dnm
340 3822 403 3858 vero
423 3816 464 3859 est
481 3809 600 3872 Artoptoe,
625 3817 654 3859 et
677 3808 795 3873 dprdrrm
832 3813 894 3870 stat,
915 3807 964 3856 nisi
979 3807 1145 3871 intelligatur
1169 3807 1212 3855 oin
1230 3811 1299 3869 potes
1323 3809 1364 3855 ortt

261 3883 295 3933 nb
317 3883 418 3947 inopes
436 3886 585 3937 derivetur:
610 3888 647 3936 Et
665 3886 794 3950 significet
831 3883 909 3935 debes.
941 3884 985 3933 lte
996 3899 1047 3933 non
1059 3885 1135 3933 aliter
1146 3883 1232 3947 poetae
1243 3898 1315 3933 mene
1325 3883 1383 3958 in·-

259 3962 463 4026 dispensatorem
489 3965 530 4012 vel
554 3964 745 4014 observatorem
765 3971 793 4015 et
831 3961 976 4025 telligetur,
997 3961 1047 4010 nisi
1072 3975 1119 4025 pro
1139 3962 1220 4010 nudus
1247 3961 1361 4024 legamus

261 4039 396 4105 custodem
424 4041 507 4105 penis,
533 4043 610 4106 pinne
638 4049 668 4092 ut
696 4042 792 4092 dicitur
829 4045 925 4104 rudens,
944 4042 1052 4092 duarum
1073 4041 1201 4092 vocalium
1221 4038 1362 4101 coilisione,

259 4114 381 4176 mitens,
393 4120 436 4182 qui
448 4119 515 4167 retia
532 4120 661 4180 observat,
672 4116 792 4183 obirent,
830 4126 859 4168 ut
871 4119 950 4168 verbs
960 4132 1012 4168 non
1031 4116 1100 4167 servi
1120 4117 1165 4167 sed
1182 4116 1263 4180 ipsius
1274 4115 1361 4180 poete

258 4193 313 4249 ¹vini
330 4193 473 4258 inspector·
507 4196 584 4246 Quod
604 4197 666 4247 Vet.
688 4197 791 4261 Interp.
829 4195 945 4258 sint,nin
960 4197 1152 4257 tousdeespsne
1166 4197 1207 4242 tuo
1222 4196 1247 4255 et
1262 4192 1360 4255 reliquo·

258 4269 340 4320 hebet
352 4272 476 4323 meast
482 4287 526 4335 per
535 4273 649 4336 pelvium,
659 4271 727 4323 forte
738 4273 792 4325 erit
828 4288 881 4323 rnen
895 4273 1044 4323 omnium
1058 4271 1172 4332 saturni,
1186 4270 1293 4333 ildirspu
1302 4270 1360 4319 eois-

258 4360 326 4396 orone
345 4347 414 4398 desti
426 4363 472 4412 per
486 4349 720 4416 plevim-Finge,
735 4349 790 4415 isa]
827 4364 877 4402 reru
895 4364 968 4416 roste,
985 4351 1070 4400 nrdsm
1085 4346 1156 4400 terti
1168 4345 1227 4412 poni
1244 4344 1360 4412 inputo
