3084 4934
274 405 342 491 'tas
602 444 637 491 n.
659 435 764 492 suun
788 439 1003 492 suvnuunrs

591 1009 896 1106 SATIRA
952 1004 1065 1102 XV.

277 1224 390 1318 Quis
406 1251 522 1328 nescit,
537 1247 661 1313 Volusi
677 1246 865 1332 Bithynice,
881 1245 994 1330 qusha
1007 1244 1143 1308 demens

276 1348 445 1439 AEgyptus
460 1357 612 1437 portenta
627 1350 740 1416 colati
765 1347 966 1414 Crocodilon
981 1347 1098 1411 adorat
1211 1335 1216 1344 ’

309 1533 399 1599 Ecquis
414 1534 519 1598 ignorat,
536 1549 551 1583 o
572 1533 649 1582 Vulsci
667 1532 806 1597 Bithynice,
825 1547 878 1597 qun
893 1483 999 1581 ninum
1011 1533 1136 1580 veneretur
1145 1530 1266 1594 AEgyptus
1280 1524 1388 1579 manuni

737 1672 914 1695 ceunomo!

261 1791 265 1800 .
309 1777 447 1842 rupertus
467 1792 482 1827 e
500 1781 541 1827 rs.
574 1778 756 1843 bysuntin.
790 1775 956 1841 utentem.
989 1774 1148 1825 ueneno.
1180 1774 1388 1824 uerutum.-

276 1842 366 1892 aratu
377 1846 417 1893 rs.
429 1846 470 1893 sa.
493 1844 734 1894 messuariis.
748 1845 997 1893 metanaeas.
1029 1842 1307 1890 anamulata-a
1324 1839 1387 1888 usn

775 1988 880 2039 noum
945 2035 952 2050 ,

309 2109 323 2154 1
353 2104 414 2160 Qun
434 2104 517 2169 uomit,
540 2104 633 2170 Volusi]
668 2106 701 2155 In
720 2105 809 2155 odium
848 2117 932 2164 scens,
953 2102 981 2151 in
1001 2109 1059 2151 eam
1082 2100 1211 2151 excrescit
1229 2096 1389 2163 magnitudi-

276 2178 346 2232 forte
358 2182 473 2246 Crispini
485 2180 611 2247 AEgyptii,
623 2182 656 2232 de
668 2181 719 2247 quo
732 2187 810 2231 antea
849 2193 919 2241 uem,
946 2185 976 2228 ut
996 2178 1099 2228 cubitos
1125 2176 1265 2242 aliquando
1290 2175 1389 2240 vigintl

274 2267 328 2309 uon
349 2259 438 2321 semel,
460 2259 566 2322 scripsit
587 2258 721 2310 Juvennlis
741 2259 809 2308 hanc
850 2263 936 2321 aequet
947 2256 1119 2320 longitndine,
1128 2254 1258 2305 interdum
1270 2258 1299 2303 et
1310 2267 1389 2317 supe·

275 2334 396 2396 butirum,
405 2333 431 2383 in
440 2351 490 2399 qus
501 2335 622 2385 ridiculas
631 2336 809 2400 lBgyptiurum
850 2344 900 2383 ret.
935 2334 1091 2397 Quadrupes
1102 2342 1153 2392 est,
1165 2332 1252 2396 specie
1263 2333 1386 2395 lacem,

268 2403 476 2475 supeilm'tiones
492 2412 644 2476 insectatur,
665 2412 766 2476 pariter
783 2416 810 2460 et
850 2411 959 2461 interra
978 2411 1078 2475 pariter
1098 2418 1125 2460 et
1146 2412 1171 2460 iu
1191 2424 1259 2474 aque
1275 2409 1387 2473 degens.

275 2487 476 2549 crudelitatem
506 2495 537 2539 nt
554 2488 600 2552 qui
617 2486 695 2538 brute
713 2489 811 2548 colant,
849 2489 891 2539 Ad
911 2504 991 2539 anuos
1012 2488 1147 2553 sexaginta
1164 2488 1261 2549 visere,
1281 2501 1388 2551 semper

275 2563 406 2614 hominem
417 2573 505 2615 sutem
516 2566 620 2632 qnidam
631 2572 721 2617 eorttm
732 2565 809 2614 devo-
850 2579 977 2629 crescere,
987 2567 1079 2628 hyeme
1091 2566 1183 2627 latere,
1201 2579 1232 2613 ac
1251 2563 1307 2613 sine
1317 2557 1387 2613 ¹cibo

275 2641 366 2691 tarint.
849 2644 937 2706 plnres
959 2658 1062 2693 meuses
1084 2643 1179 2692 durare
1201 2639 1295 2690 fertur.
1338 2638 1386 2690 Aa

297 2717 450 2782 ‘Bithynicd
482 2719 505 2768 E
530 2718 653 2783 Bithynia
680 2716 808 2768 oriunde:
850 2719 940 2768 Nilum
950 2718 1082 2783 frequens,
1094 2725 1122 2767 at
1135 2717 1274 2781 praecipuus
1285 2717 1387 2781 magni·

275 2810 334 2860 qum
352 2802 393 2845 est
409 2793 480 2845 Asiae
498 2793 810 2860 minoruregto,1tuxino
850 2795 947 2845 tudinis
966 2802 1008 2845 est
1024 2796 1092 2859 apud
1104 2794 1223 2858 Gangem
1235 2791 1318 2843 Indiae
1335 2791 1386 2843 tiu-

205 2892 218 2932 ᾗ
275 2872 339 2922 mari
350 2879 378 2921 et
391 2872 547 2937 Propontidi
557 2872 651 2923 vicina.
849 2871 937 2922 vium:
956 2879 1075 2921 auctores
1091 2881 1151 2921 suut
1160 2869 1274 2919 AElianus
1282 2869 1386 2919 Histor.

307 2952 323 2998 2
339 2948 472 3013 AEgyptus]
502 2947 601 2998 Africae
612 2947 685 3011 regio
696 2946 810 2997 celebra·
849 2948 952 2997 animal.
964 2959 992 2997 x.
1001 2951 1041 2997 22.
1052 2954 1080 2996 et
1091 2960 1142 2995 xri.
1154 2949 1196 2995 88.
1207 2951 1236 2994 et
1243 2946 1313 2994 Ptin.
1322 2958 1385 2995 utox

274 3025 382 3090 tissima,
401 3026 491 3076 Rubro
510 3025 575 3075 mari
591 3024 809 3089 proximaversus
849 3023 948 3073 eitaud.
993 3023 1052 3073 Hoc
1078 3037 1212 3084 nnumex
1231 3021 1387 3072 animalibus

276 3102 428 3164 Orientem
456 3101 489 3150 ab
514 3101 662 3151 Occidente
689 3101 810 3149 Baream
849 3108 923 3151 caret
950 3103 1056 3166 linguat
1080 3102 1228 3152 inferiorem
1254 3101 1386 3151 maxillam

275 3180 379 3231 deserte
406 3180 545 3244 contingit,
577 3195 593 3228 a
626 3178 810 3243 Septentrioue
849 3193 902 3228 non
913 3185 1011 3241 movet,
1029 3179 1076 3228 sed
1095 3178 1255 3242 superiorem
1265 3173 1386 3228 interiori

275 3271 346 3308 mare
358 3258 590 3319 Mediterraneum,
608 3271 625 3305 a
643 3254 756 3306 Meridie
767 3255 810 3304 ΛΕ·
849 3254 987 3303 admovet:
1016 3255 1104 3306 oeulos
1125 3254 1205 3303 habet
1232 3253 1329 3316 suillos,
1357 3253 1385 3303 in

274 3334 409 3400 thiopiam.
442 3334 552 3385 Urbium
570 3334 632 3383 olim
652 3330 748 3381 dicitur
759 3331 810 3379 ha·
849 3331 924 3396 aquis
941 3331 1056 3394 obtusos,
1074 3337 1150 3381 extra
1160 3344 1204 3379 ess
1216 3329 1385 3393 perspicacis·

222 3441 227 3452 .
275 3409 362 3459 buisre
373 3410 453 3459 millia
465 3410 575 3474 viginti:
600 3424 663 3474 quus
682 3409 752 3457 inter
771 3406 810 3457 ta-
849 3408 948 3470 simon
973 3407 1063 3458 dentes
1079 3409 1208 3473 ingentes,
1226 3413 1340 3459 serratos
1357 3414 1387 3458 et

275 3500 353 3535 mosas
374 3487 513 3551 Memphis,
538 3485 706 3548 Alexandria,
734 3486 811 3534 Pelu-
849 3485 1043 3546 prominentes3
1061 3499 1160 3548 ungues
1174 3485 1311 3546 robustes3
1328 3485 1385 3549 pel·

276 3562 350 3624 sium,
369 3561 488 3626 Babylon
515 3576 592 3621 nova,
617 3557 694 3611 bodie
717 3562 811 3625 Gneus,
849 3562 901 3610 iem
916 3561 986 3611 dorsi
1002 3576 1162 3627 squamosam
1178 3577 1209 3612 ac
1224 3562 1320 3611 duritie
1337 3562 1384 3612 itub

274 3636 548 3702 Thebae,Syene‚&c.
849 3638 1048 3702 penetrabilem.
1082 3638 1149 3689 Hsec
1160 3654 1193 3689 ex
1206 3639 1350 3703 Herodoto,
1365 3637 1409 3691 lt'

308 3714 396 3770 Qualis
403 3714 595 3778 portentacoint]
626 3715 708 3764 Velut
719 3715 810 3765 Numi·
849 3727 879 3764 ιι.
897 3714 1119 3777 Plinio‚u111.25.
1136 3716 1217 3765 Diod.
1229 3716 1308 3767 Sicul.
1320 3731 1340 3767 1.
1358 3721 1384 3768 ³.

274 3805 317 3841 na.
344 3790 409 3841 Quas
422 3805 491 3855 vero,
502 3797 574 3856 quot,
585 3798 613 3841 et
623 3806 677 3851 cur,
687 3798 810 3842 enarrant
849 3789 1008 3842 Conantem
1034 3793 1183 3843 Crocodilus
1208 3794 1325 3844 colerent
1341 3793 1385 3845 AE-

274 3869 369 3920 Strabo
387 3869 405 3919 l.
423 3881 496 3919 xvir.
528 3868 636 3920 Diodor.
646 3870 728 3920 Sicul.
740 3884 772 3919 ιι.
783 3875 808 3921 t.
848 3869 951 3933 gyptiii
982 3870 1064 3921 Diod.
1082 3871 1160 3923 Sicul.
1176 3882 1207 3921 tr.
1218 3877 1243 3922 4.
1256 3871 1382 3933 rationem

275 3945 404 3996 Herodot.
423 3945 557 3996 1.11.arc.
592 3945 684 3994 Cicero
698 3945 808 3997 deNat.
848 3944 935 4008 affert,
948 3948 1016 4012 quod
1027 3948 1194 3998 securitatem
1212 3949 1305 4013 patrie
1322 3963 1384 4000 con·

275 4021 358 4072 Deor.
370 4036 415 4073 111.
432 4035 459 4071 n.
476 4026 516 4071 89.
532 4020 542 4049 ‘
553 4023 639 4073 Omne
654 4022 711 4073 fere
727 4038 808 4087 genus
847 4020 935 4073 ferant
962 4023 1085 4073 adversus
1110 4023 1216 4075 Arabim
1238 4025 1383 4090 Libyaeque

272 4096 416 4150 bestiarum
426 4109 609 4150 consecrarunt
620 4099 754 4165 AEgyptii,’
770 4101 807 4150 iu·
848 4098 973 4162 latrones,
984 4100 1028 4164 qui
1038 4100 1189 4152 crocodilos
1201 4102 1279 4152 veriti
1292 4103 1382 4153 Nilum

274 4174 340 4239 quit.
460 4221 462 4226 ,
848 4190 900 4226 nou
912 4177 1011 4228 audent
1019 4180 1132 4229 transire
1143 4181 1304 4245 populatum.
1320 4178 1382 4231 Alia

308 4251 459 4318 crocodilus]
475 4252 659 4305 Portentosum
670 4259 744 4305 certe
755 4255 808 4306 sni·
848 4267 951 4319 quoquc
962 4254 1058 4304 ibidem
1076 4253 1184 4305 affertur
1201 4256 1382 4322 ratio‚rrempe

272 4325 334 4391 mal,
345 4327 414 4393 quod
425 4342 458 4379 ex
469 4344 517 4381 oro
532 4330 652 4384 anserino
669 4330 748 4383 siusili
763 4346 809 4383 na·
847 4330 882 4382 ob
893 4332 999 4383 Menam
1008 4331 1135 4396 Regem·
1146 4332 1283 4386 crocodilo
1292 4331 1382 4386 deien-
