3084 4934
241 396 308 470 271
598 418 634 466 n.
655 412 759 466 turrrr
779 415 995 469 ruvuusms

244 563 322 628 Hos
336 567 411 627 ante
426 562 549 644 effigies
566 560 732 645 majorum
749 575 837 642 pone
852 564 999 623 tuorum:

244 666 443 731 Praecedant
456 665 549 748 ipsas
563 664 613 729 illi
632 670 666 729 te
681 662 824 727 Consule
837 663 958 744 virgas.

244 767 360 831 Prima
380 768 461 830 mihi
475 767 577 831 ddbes
592 767 692 831 animi
705 766 804 830 bona.
849 763 991 829 Sanctus
1004 764 1131 841 heberi,

243 868 456 953 Justitiaeque
470 875 569 934 tenax
588 869 687 934 seclis
705 869 873 950 dictisque
887 868 1035 944 mereriS,

243 969 403 1055 Agnosco
422 990 602 1057 procerem.
647 972 758 1047 Salve,
772 970 951 1047 Gaetulice,
966 989 1025 1032 seu
1044 974 1080 1033 tu

244 1170 389 1234 imaginibus
405 1190 500 1225 anorum
510 1180 616 1225 monim.-
631 1175 682 1224 lroee
696 1180 785 1239 praeut
802 1173 862 1239 ipsis
878 1173 963 1234 uirgis,
979 1177 1004 1221 tr
1019 1171 1127 1219 Consule.
1162 1168 1249 1216 Priora
1264 1166 1350 1215 mestis

245 1243 381 1303 momento
388 1239 460 1305 ¹debes
470 1241 537 1292 milri.
569 1239 699 1305 Siquidem
712 1240 789 1289 ambis
798 1245 822 1290 et
832 1239 964 1287 actionibus
981 1238 1072 1297 dignas
1087 1250 1112 1284 es
1122 1233 1238 1283 adimari
1249 1231 1350 1295 optaras

241 1300 402 1367 trepondo
410 1305 634 1370 amaricemur,
643 1306 754 1368 cognosco
762 1301 870 1353 nobilem.
893 1303 953 1364 Are,
964 1301 1089 1362 Goetulsce,
1098 1301 1148 1348 sice
1158 1297 1297 1359 tuditem,
1308 1296 1350 1344 vel

708 1447 887 1470 flunmen

245 1562 365 1606 metrum.
392 1560 731 1619 veromandensis.
767 1560 853 1607 Cassae
861 1561 969 1606 22-22
984 1556 1083 1621 effigiem
1094 1557 1200 1604 2443
1218 1552 1351 1600 Procedant

245 1624 288 1668 27.
298 1624 339 1670 46.
352 1626 392 1671 tl.
403 1628 444 1675 48.
478 1625 545 1688 quod
557 1624 623 1674 ebir.
635 1624 651 1674 l.
662 1625 773 1672 alienum
791 1626 841 1684 est,
861 1622 910 1672 etsi
928 1621 960 1671 de
981 1620 1080 1670 solenni
1100 1619 1238 1669 Consulum
1256 1631 1314 1681 porn
1336 1629 1351 1662 s

246 1683 392 1750 adhibetur,
404 1703 455 1752 qua
466 1689 549 1752 primo
560 1689 618 1738 initi
627 1690 793 1753 magistratus
806 1688 849 1736 die
861 1703 893 1736 ex
905 1686 1003 1735 edibus
1020 1686 1072 1734 suis
1092 1685 1118 1733 in
1139 1682 1295 1746 Capitolium
1326 1695 1351 1727 e-

246 1748 426 1815 ducebantur3
460 1754 529 1805 uude
557 1762 585 1805 et
610 1754 690 1804 dictae
717 1753 897 1817 processiones
925 1751 1116 1801 Catholicomm
1134 1746 1350 1797 Romanenslnm.

246 1813 310 1879 ipsas
325 1818 373 1880 ipsi
392 1822 499 1869 13.-Ἇ6
517 1819 627 1871 Getulice
644 1821 722 1884 vulgo
742 1820 810 1868 male
822 1817 954 1868 scribitur.
988 1817 1057 1866 Nem
1078 1815 1200 1864 Γαιτοῦλοι
1219 1811 1350 1872 dlcnntur,

747 1964 855 2018 NOTAE

246 2105 278 2141 eo
290 2091 423 2145 Plutarch.
442 2095 468 2144 in
487 2096 544 2160 ojus
562 2097 624 2147 vita.
656 2096 778 2148 Aurelius
818 2097 910 2147 ricinis
932 2096 1046 2160 undique
1065 2093 1229 2158 perspicuam
1248 2089 1353 2152 feceris,

247 2166 339 2218 Victor
349 2169 383 2218 de
394 2170 456 2220 viris
468 2172 621 2236 illustribus,
632 2177 682 2224 dre.
818 2181 849 2223 ut
857 2180 939 2224 testes
949 2174 1001 2223 sint
1008 2172 1044 2220 illi
1052 2186 1162 2236 quonam
1170 2169 1247 2219 modo
1259 2168 1351 2231 rivam,

247 2290 252 2295 .
277 2245 376 2308 Cum]
387 2245 469 2297 Aulus
478 2250 614 2300 Cornelius
621 2251 780 2301 CossusTri·
819 2253 884 2299 &cz
903 2266 960 2316 quse
974 2254 1064 2299 narrat
1075 2246 1232 2297 Plutarchus
1245 2245 1271 2294 in
1288 2259 1353 2308 prae·

246 2319 330 2369 bnuus
339 2322 453 2372 Militum
459 2325 621 2376 Tolumnium
629 2327 779 2379 Veientium
818 2326 902 2391 ceptis
915 2327 1037 2390 politicis,
1048 2340 1100 2375 non
1110 2326 1188 2389 longe
1199 2323 1231 2372 ab
1243 2321 1329 2372 initio.

246 2410 335 2461 tegern
346 2399 458 2461 gloriose
474 2401 552 2464 vicit,
560 2408 640 2469 atque
650 2404 738 2468 opima
746 2404 780 2454 de
852 2406 884 2453 22
901 2401 1020 2452 Harante
1030 2400 1128 2467 effigies,
1143 2398 1197 2462 tra]
1214 2397 1301 2447 Pluris
1319 2410 1353 2445 ae·

247 2486 279 2529 ‚00
295 2475 379 2539 spolia
398 2477 514 2529 secunda
529 2480 626 2530 'retulit
652 2479 779 2531 Feretrio.
820 2479 897 2529 etima
908 2479 1004 2528 bonum
1017 2493 1084 2541 esse,
1101 2491 1176 2542 quarn
1189 2474 1262 2524 bonis
1273 2468 1353 2521 fuisse

246 2549 299 2603 Tit.
319 2551 375 2601 Liv.
395 2566 434 2604 ιν.
453 2558 493 2604 la.
527 2555 619 2606 Florus
635 2563 722 2606 autem
741 2569 780 2607 lv.
820 2564 982 2622 prognatum.
1014 2558 1073 2619 Vel,
1093 2554 1230 2605 illustrium
1246 2564 1353 2600 avorum

247 2631 289 2676 12.
306 2627 457 2692 ‘Augustus
475 2630 579 2693 Cesar‚'
601 2632 696 2696 inquit,
712 2632 782 2685 ‘Ge
821 2650 905 2685 mores
919 2635 1054 2685 considera
1067 2633 1150 2696 magis
1166 2646 1242 2697 quoru
1254 2636 1354 2679 ststuss

245 2703 316 2755 tulos
337 2707 439 2757 accolas
460 2707 576 2770 Syrtium
605 2708 686 2758 Cosso
714 2708 782 2758 duce
822 2712 992 2776 stirnegines.

247 2783 418 2846 compescuit,
440 2784 510 2835 uude
530 2784 570 2835 illi
596 2785 722 2836 Getulici
737 2800 782 2836 no·
853 2791 886 2836 23
906 2787 1045 2836 Procedant
1056 2787 1120 2850 ipsas
1130 2785 1176 2847 illi,
1185 2776 1238 2847 tro]
1254 2782 1355 2831 Probus

247 2857 326 2907 meu!
360 2860 461 2911 Dehoc
471 2860 561 2926 itaque
572 2861 678 2912 videtur
695 2862 782 2926 potius
822 2877 907 2913 mores
918 2861 1017 2927 praefer
1031 2877 1081 2912 nou
1101 2869 1202 2910 tentum
1222 2860 1354 2923 praeelsrae

247 2931 320 2998 loqui
339 2935 494 3000 Juvenum
520 2938 594 2988 addit
613 2939 681 2991 euim
704 2954 781 3002 mcx;
823 2939 925 3003 origini,
936 2939 982 2989 sed
991 2946 1019 2988 et
1030 2938 1135 2988 summis
1147 2934 1355 3000 Magistretihus.

247 3006 351 3073 fSalve,
362 3012 512 3065 Gaetulice!
858 3012 960 3077 Virgos]
977 3015 1071 3063 Fasces
1083 3028 1099 3061 e
1114 3013 1193 3076 virgis
1211 3026 1242 3060 oc
1260 3010 1356 3060 securi-

279 3086 386 3150 ΒΜ]
411 3089 485 3139 idem
507 3090 598 3140 Florus
618 3082 700 3141 citato
722 3107 783 3143 mox
823 3091 1005 3155 bus'colligsti,
1017 3085 1291 3157 ,Connrlnuriosignim
1304 3100 1357 3136 rne-

247 3162 316 3226 lcco,
344 3164 381 3214 ait
402 3165 549 3230 Angustum
568 3166 637 3217 feras
659 3167 784 3233 quasdam
822 3170 969 3234 tcnymicss
988 3182 1035 3233 pro
1057 3167 1198 3219 Consulatu
1216 3171 1356 3229 ponuntur.

249 3246 340 3305 gentes
349 3256 396 3305 per
407 3243 544 3295 Claudium
559 3247 673 3295 Drusum
690 3246 785 3310 pririg-
823 3247 890 3297 Vide
899 3248 974 3310 plara
984 3246 1017 3296 dc
1027 3245 1067 3295 lris
1078 3245 1154 3295 Setir.
1166 3256 1193 3294 v.
1205 3242 1238 3292 ad
1250 3257 1288 3292 rs.
1298 3245 1356 3292 11⁰.

249 3330 310 3365 uum
320 3333 394 3367 suum
406 3334 570 3384 permeasse,
586 3326 636 3373 dac.
669 3321 706 3373 At
723 3325 785 3373 Sue·
856 3329 888 3374 2⁴
905 3325 990 3373 Prima
1001 3322 1060 3373 mibi
1070 3322 1150 3387 debes,
1166 3319 1220 3384 irc]
1235 3319 1264 3371 si
1281 3319 1320 3368 vis
1339 3332 1357 3366 e

248 3398 305 3444 ton.
322 3395 408 3447 urben
424 3412 447 3449 e.
458 3402 482 3448 d.
498 3399 578 3462 magis
592 3399 625 3449 ed
644 3413 697 3448 rem
709 3398 784 3462 facit,
824 3415 865 3449 ure
875 3400 966 3450 nobilis
977 3398 1130 3462 nuncupari,
1138 3405 1200 3447 ante
1211 3396 1297 3445 omnis
1311 3394 1357 3443 ed.-

249 3470 353 3539 ubisit,
363 3473 479 3523 Drusum
490 3475 557 3524 duce
567 3475 679 3524 bostium
697 3477 785 3526 Druso
824 3491 909 3541 eoque
920 3483 980 3526 ante
1003 3474 1070 3526 buna
1092 3472 1207 3537 corporis
1223 3486 1256 3523 ac
1275 3469 1358 3521 fortu-

251 3548 367 3601 cominus
390 3550 520 3601 trucidato
547 3551 596 3603 sibi
621 3553 784 3616 posterisque
823 3569 875 3615 uae,
885 3554 946 3603 milri
956 3552 1037 3605 debes
1047 3552 1170 3601 exhibere
1186 3549 1265 3599 animi
1282 3548 1359 3610 bons,

250 3623 303 3675 suis
327 3640 471 3688 cognomen
491 3626 635 3679 invenisse:
659 3629 734 3692 item,
750 3645 784 3678 ex
824 3631 935 3681 virtutes
946 3643 1050 3693 nempe,
1067 3625 1260 3687 fortitudinem,
1278 3623 1354 3688 justi·

251 3698 339 3752 Gellia
349 3702 489 3752 Provincia
499 3704 621 3754 retulisse
639 3720 729 3755 surum
739 3708 786 3756 Se·
824 3707 898 3769 nam,
910 3705 1085 3771 prudentiam,
1095 3707 1145 3754 dcc.

181 3814 185 3821 .
251 3777 361 3827 nonibns
377 3779 438 3828 olim
457 3779 484 3828 in
503 3780 638 3831 obsidione
661 3783 785 3846 Capitolii
857 3783 958 3832 &netes
968 3781 1059 3843 dodoi,
1074 3778 1128 3843 tro]
1144 3778 1171 3828 Si
1185 3777 1295 3826 virtutes
1314 3776 1359 3826 ha·

250 3854 351 3907 datum.
384 3856 443 3907 Nisi
454 3855 523 3908 sorte
534 3858 621 3921 placet
637 3860 784 3923 intelligere
823 3858 993 3921 hominesue
1006 3870 1092 3906 reram
1104 3853 1268 3904 nobilitatem
1285 3853 1313 3902 in
1329 3859 1358 3901 te

251 3932 349 3984 Julium
360 3934 477 3987 Drusum
485 3935 626 3985 Tribunum
637 3937 785 3999 Plebis,cu·
823 3950 943 4000 agnosco.

248 4006 293 4072 jus
305 4008 375 4058 sedes
387 4024 446 4060 cunr
457 4011 600 4063 vicinorum
606 4013 785 4063 oculismultis
856 4019 889 4064 26
906 4014 986 4074 Soloe,
998 4010 1126 4075 Gaetulice]
1141 4008 1169 4059 Si
1181 4010 1278 4074 probus
1287 4015 1358 4068 es,te

252 4086 316 4137 locis
333 4094 462 4151 paterent,
481 4097 508 4138 et
525 4088 613 4152 opifex
625 4089 727 4154 quidem
739 4104 785 4140 ees
824 4092 908 4141 saluto
924 4102 1086 4153 venerorque
1105 4085 1215 4151 perinde
1231 4084 1358 4147 nobilem,

253 4177 281 4212 se
291 4163 406 4229 quinque
422 4166 578 4219 talentorum
594 4166 714 4217 mercede
730 4182 785 4216 mu·
826 4165 887 4216 acsi
904 4164 974 4215 sores
993 4163 1154 4214 Getulorum
1167 4161 1279 4211 domitor
1296 4161 1359 4210 Cos·

250 4244 366 4291 mmmm
377 4242 527 4305 sponderet,
541 4244 638 4295 decern
656 4243 733 4307 dubo,
748 4244 787 4292 in·
826 4257 880 4304 sus,
891 4241 925 4291 de
935 4255 987 4306 quc
997 4248 1074 4300 ente3
1091 4236 1360 4299 entSilsuus,sntsli·
1438 4285 1441 4293 ,

251 4316 312 4381 quit
321 4317 432 4383 Drusus,
445 4318 469 4369 si
487 4325 569 4372 roten
581 4319 686 4373 demum
704 4334 787 4369 meam
826 4334 857 4369 ns
868 4318 951 4383 quiris
959 4318 1054 4368 illustri
1064 4323 1140 4373 natus
1154 4329 1259 4380 genere.
