3084 4934
517 432 705 483 ravanus.
750 433 833 484 sur.
857 434 907 485 ιν..
1201 417 1266 491 867

158 576 190 626 ri.
206 574 402 641 Labie-Vero]
420 576 485 626 Puer
498 577 551 626 dire
568 578 593 626 lo
607 572 695 627 aerim
732 581 810 628 tsret.
827 578 913 628 Ludite

160 653 230 703 Haec
242 653 320 716 enirm
338 662 368 703 ut
377 654 414 704 ait
425 662 500 704 vetus
510 654 630 715 verbnm,
641 654 695 704 odl-
764 659 798 704 eu
816 653 1060 719 mmmtgtrttts]
1087 654 1120 707 lt
1136 663 1187 721 est,
1207 672 1266 724 quo

160 730 364 794 empserit-Et
381 732 464 794 mm,
483 730 537 795 tro]
555 731 593 781 Ut
603 732 695 793 lingit.
732 731 862 797 morsjum
874 729 971 783 dudum
983 731 1134 796 designatas
1152 733 1265 800 deputa·

159 807 341 874 ‘Animosque
353 809 379 857 in
392 810 497 858 saluom
509 807 626 873 posunt?
641 808 696 858 Vst.
733 814 770 870 ta,
790 808 1027 860 &meetseren
1044 810 1136 875 gladiis
1153 812 1267 877 Impera·

161 885 219 937 &b
734 887 1267 955 toris.-Joss,t·s.]1dsst,iiloipsste'm·

169 988 172 993 ·
195 968 229 1017 92
245 966 394 1028 Siemultm
411 965 464 1030 irc]
491 966 540 1016 His
560 967 658 1017 artibus
668 972 697 1017 et
734 980 797 1030 pore
811 966 866 1029 jam
879 965 957 1016 morti
974 965 1151 1016 aDomitiane
1169 967 1269 1032 adjudi-

162 1045 303 1110 prudeutia
314 1045 424 1109 tempori
436 1045 606 1107 inserviente,
626 1051 698 1095 octo·
733 1050 808 1095 catus
820 1049 887 1093 erat.
909 1042 941 1093 V.
951 1042 981 1093 C.
991 1057 1066 1093 mous
1076 1042 1142 1108 legit
1154 1044 1268 1096 Destino·

162 1123 283 1186 maenius
292 1123 385 1185 evasit,
396 1130 422 1171 et
431 1137 511 1172 senex
522 1121 608 1173 factus
620 1130 661 1172 est
670 1124 697 1172 iu
733 1125 769 1183 ts,
784 1122 870 1171 males
887 1121 1002 1171 Destino
1013 1120 1082 1171 esim
1092 1122 1270 1173 mediemeor·

160 1201 206 1251 itta
221 1203 288 1266 aula,
304 1203 329 1251 iu
345 1202 697 1267 qunsubNeronevixerat.
734 1200 808 1263 ripit.
852 1199 906 1251 Atti
927 1201 1019 1264 legunt
1040 1201 1174 1263 ummo.
1213 1200 1268 1254 Sed

162 1280 359 1342 -Ootogesima,
369 1281 421 1344 tsn]
446 1279 536 1329 Annos
548 1281 698 1333 octuaninta
735 1278 870 1339 Festinato,
879 1277 905 1327 ld
917 1283 969 1339 est,
979 1284 1120 1342 properata
1131 1285 1194 1328 nate
1205 1285 1269 1333 tosu-

162 1357 249 1419 ipsum
264 1356 473 1407 natumiudieat.
507 1356 567 1407 Hoc
580 1355 698 1420 profecto
735 1371 783 1419 pus
800 1355 953 1418 senectutis,
970 1369 1027 1419 quaa
1041 1354 1165 1419 juvenem
1182 1354 1281 1420 opprb

161 1431 282 1483 miraculi
297 1435 354 1484 loco
366 1441 432 1493 erat,
443 1434 572 1484 bominem
584 1434 698 1484 nobilem
736 1432 881 1482 mat-'M
891 1433 958 1497 obn]
969 1432 1038 1482 Vera
1049 1432 1180 1483 sententia
1190 1433 1269 1484 etiam

164 1508 310 1559 adtautam
322 1511 419 1560 senium
439 1513 528 1562 Romae
546 1512 593 1561 sub
612 1512 699 1562 Nero·
735 1518 825 1559 nostra
850 1515 938 1569 aetate,
961 1524 1013 1575 qua
1029 1509 1146 1575 plerique
1167 1511 1268 1561 nobiles

163 1592 252 1649 ne,»et
269 1588 422 1638 Domitiano
434 1589 593 1653 pervenisse.
610 1589 698 1640 Ludis.
735 1587 816 1637 vitam
829 1592 946 1638 atterunt
958 1588 999 1639 vei
1012 1588 1086 1652 luxu,
1106 1595 1134 1638 et
1148 1595 1270 1653 perpota-

162 1662 321 1728 -Solstitin]
348 1665 448 1715 AEstiva
458 1673 486 1716 et
497 1666 638 1716 mimalia:
657 1666 698 1716 uel
736 1663 869 1724 tionibus;
896 1665 936 1714 uel
954 1664 1070 1716 libidine.
1113 1667 1187 1727 Olim,
1209 1668 1227 1716 i.
1245 1682 1270 1717 e.

164 1738 284 1791 saeuum
301 1743 461 1806 promstivo,
480 1750 511 1794 ut
527 1743 585 1795 fere
596 1758 699 1808 semper
736 1741 912 1804 superioribus
931 1743 1108 1806 temporibus:
1128 1745 1197 1794 Hinc
1215 1745 1272 1794 Bri·

164 1816 230 1869 altas
242 1819 359 1870 sumitur.
737 1819 858 1869 toronicus
877 1833 1004 1882 apparere
1022 1819 1098 1883 dicit,
1115 1819 1271 1871 Juveualern

168 1908 170 1911 ·
196 1897 230 1944 08
248 1895 297 1944 His
316 1896 399 1961 minis]
426 1898 462 1946 Et
482 1898 582 1948 artibus
602 1898 700 1963 aulicis,
737 1896 792 1945 Sat.
812 1909 883 1944 suam
896 1909 948 1944 uon
966 1894 1099 1959 scripsisse
1116 1896 1164 1946 sub
1182 1897 1272 1946 Domi·

164 1968 354 2035 adsentatione,
372 1973 505 2036 comitate,
517 1973 699 2026 taciturnitate
738 1974 817 2022 tiano·
861 1972 897 2022 Et
918 1978 971 2022 tam
989 1972 1083 2021 mattos
1106 1972 1271 2023 Dounitiauus

164 2053 193 2097 et
205 2046 418 2111 dissimulatione,
432 2049 524 2114 quibus
536 2051 700 2101 muniebatur
737 2048 849 2101 efferata
860 2049 971 2116 quadarn
982 2049 1140 2100 erudelitate
1154 2050 1225 2099 ciues
1235 2050 1274 2099 in·

165 2123 289 2174 adversus
300 2125 468 2189 imperatoris
484 2128 700 2177 saevitiam—His
739 2128 853 2190 teremit,
876 2132 905 2177 ut
923 2126 1036 2190 prodigii
1051 2125 1109 2175 loco
1130 2125 1271 2176 baberetur

164 2201 269 2266 kanb]
295 2201 440 2265 Ἐμφατυῶς
458 2204 533 2255 dixit.
567 2205 647 2257 Quasi
662 2204 700 2254 di·
737 2203 850 2269 aliquem
870 2203 897 2253 ia
918 2203 983 2255 urbe
1000 2217 1090 2252 senem
1110 2202 1221 2252 nobilem
1243 2211 1272 2253 et

165 2289 257 2331 cerat:
274 2281 353 2346 idque
366 2282 393 2331 iu
413 2283 472 2332 aula
483 2290 537 2332 tam
547 2281 657 2346 erudeli,
673 2282 700 2332 iu
738 2284 876 2348 patricium
888 2280 1029 2333 offendere.
1061 2282 1126 2330 'l'nm
1140 2280 1203 2331 illud
1217 2282 1272 2345 jaan

166 2370 220 2424 qua
228 2374 303 2408 nemo
315 2366 386 2409 tutus
398 2365 463 2409 erat.
480 2359 555 2408 Idem.
737 2361 793 2410 obre
802 2360 881 2411 etiam
894 2359 1009 2409 Neronis
1019 2365 1138 2423 tempora
1150 2358 1272 2407 usitatum

197 2439 231 2484 94
249 2435 389 2498 Proximus]
412 2435 548 2485 Describit
561 2435 617 2498 jam
636 2436 700 2485 alios
738 2451 805 2500 esse,
823 2435 868 2500 quii
885 2435 1042 2486 nobilissimo
1054 2434 1146 2500 cuique
1162 2435 1272 2485 exitium

167 2511 232 2560 duos
243 2512 390 2574 Senatores,
403 2520 503 2575 patrem
514 2510 626 2560 Acilium
638 2512 700 2560 Gla·
737 2515 896 2565 destinabat.
912 2515 1011 2565 Britan.

166 2590 300 2650 briouem;
317 2589 370 2656 quui,
386 2595 454 2639 teste
465 2589 561 2651 Plinio,
577 2588 701 2654 singulari
770 2597 803 2643 ot
821 2592 938 2655 Prodigia
952 2591 1011 2656 por]
1036 2592 1158 2643 Monstro
1173 2590 1216 2661 vei
1232 2604 1273 2640 ns*

168 2666 308 2731 prudentia
324 2673 352 2716 et
367 2665 420 2715 tide
437 2663 501 2726 ἠπίη
519 2680 594 2731 quem
613 2674 700 2715 tamen
737 2675 814 2720 teuto
825 2670 916 2732 simile,
935 2668 1092 2720 rarissimum
1104 2668 1272 2735 quide-Cum

166 2750 271 2809 postea,
282 2750 405 2809 tauquam
416 2756 457 2792 res
469 2757 547 2792 anuas
557 2744 701 2807 moliretur,
738 2747 803 2810 aab]
821 2747 875 2797 lilii
886 2748 977 2811 legunt
988 2746 1014 2796 iu
1024 2746 1078 2796 nob.

166 2820 246 2870 exilio
269 2821 603 2887 mulctavit—Proximus]
636 2821 702 2872 Post
771 2829 805 2874 98
824 2825 903 2886 Unde,
923 2823 978 2887 dn]
1000 2822 1045 2873 Ob
1061 2824 1098 2886 id,
1117 2823 1176 2888 qtsia
1193 2823 1274 2891 tantis

167 2897 445 2961 Crispum—Ejusdem
463 2899 520 2962 on]
546 2898 701 2949 Coactaneus
739 2900 862 2965 periculis
878 2899 981 2951 nubiles
998 2901 1111 2965 expositi
1134 2907 1203 2962 suut,
1224 2914 1274 2964 ego

167 2987 228 3021 curn
241 2973 341 3037 Crispo,
347 2983 374 3022 et
385 2975 440 3039 ipse
452 2975 643 3039 octogenarius.
661 2978 700 3027 ld.
739 2977 800 3027 solo
812 2977 897 3041 potius
909 2990 964 3027 esse
977 2983 1055 3027 terra¹
1066 2976 1143 3038 tilius,
1154 2976 1275 3042 ignobilis

168 3049 389 3113 —Eiuulem,b·c.]
413 3052 486 3114 Virg.
503 3052 557 3101 ‘Ut
569 3067 656 3117 regem
668 3069 703 3103 ae·
740 3060 769 3103 et
779 3055 914 3116 obscurus,
921 3060 949 3103 ot
965 3054 999 3103 ob
1011 3053 1038 3103 id
1054 3069 1070 3102 a
1088 3054 1272 3118 persecutione

169 3125 444 3192 qnaevum.'-Acilius]
455 3130 607 3179 Consulsub
616 3132 704 3181 Domi·
740 3131 844 3195 tyranni
854 3137 935 3183 tutus·
959 3130 1092 3181 Nobilium
1103 3131 1171 3180 enim
1183 3136 1275 3193 poten·

169 3203 240 3252 tiano
250 3203 310 3267 fnit,
327 3205 446 3268 indignus
464 3206 520 3269 pati
537 3221 595 3271 quae
612 3222 703 3271 passas
741 3208 781 3259 tia
791 3208 948 3273 Imperatori
964 3206 1207 3257 formidoloseerat.
1240 3207 1275 3256 Et

169 3287 221 3331 est.
239 3280 326 3344 Hujurs
338 3297 397 3331 cura
407 3282 488 3332 tilium
494 3284 617 3347 juvenem
631 3285 703 3335 Nero
738 3284 819 3334 alias:
832 3285 931 3333 ‘miurus
942 3284 969 3334 in
979 3299 1072 3348 parvos
1078 3283 1182 3339 fortuna
1192 3282 1274 3334 furit?

169 3360 314 3419 occideret,
336 3361 421 3424 ipsam
449 3361 561 3411 Acilium
583 3364 705 3427 servavit,
739 3361 1275 3426 ‘Qutprocuatavapmcntatntmine’

167 3438 215 3503 qai
227 3453 316 3501 poeaas
325 3440 434 3489 sentiret
446 3439 574 3490 orbitatis.
587 3441 637 3491 Vel.
648 3441 704 3492 Sci.
738 3441 937 3505 Τηίων,
953 3441 1007 3504 ζα]
1024 3442 1128 3492 Festive
1139 3449 1167 3493 et
1182 3450 1223 3494 sat
1239 3443 1276 3493 le·

168 3550 171 3555 r
203 3519 235 3564 95
259 3517 334 3577 Cum,
351 3515 404 3578 tc]
438 3516 502 3565 Cum
524 3516 622 3581 optimo
642 3517 705 3582 tilio,
741 3517 928 3582 pideaPoiita
948 3518 1032 3571 dictus
1049 3517 1207 3569 fraterculus
1223 3534 1276 3573 non

169 3593 298 3653 mundo,
318 3593 475 3642 utuonnulii
492 3601 595 3656 putant,
612 3596 655 3659 qni
669 3595 705 3644 iu·
742 3592 833 3657 frater,
861 3593 1024 3646 diminutive.
1066 3595 1099 3647 Id
1126 3603 1176 3662 est,
1196 3606 1275 3647 terra

168 3669 250 3734 digua
261 3677 345 3719 morte
357 3685 372 3717 a
382 3671 534 3719 Domitiano
551 3669 602 3721 tuit
620 3672 705 3721 subla·
739 3670 810 3720 filius
821 3678 850 3722 at
864 3672 921 3721 uilis
937 3673 1078 3737 Gigantum
1090 3672 1180 3738 frater,
1191 3674 1244 3738 vqni
1260 3690 1276 3724 e

167 3752 223 3796 tus.
247 3746 705 3799 Quamvisl'arnabiusdubitandum
742 3754 814 3797 terra
832 3749 885 3798 nati
914 3749 1057 3813 tinguntur,
1081 3756 1112 3800 ut
1134 3757 1163 3800 ct
1182 3765 1277 3801 nomen
1315 3802 1322 3815 ,

169 3822 245 3872 seete
265 3822 336 3872 dieat
355 3822 412 3888 quis
431 3824 475 3873 ille
493 3824 706 3888 juvenatium,
743 3826 851 3876 iudicat.
884 3824 1014 3877 Homines
1030 3833 1117 3877 autem
1143 3828 1276 3890 obscuros,

168 3906 326 3950 santtanacn
338 3901 383 3964 qni
390 3901 423 3949 de
431 3901 533 3950 Elvidio
543 3902 596 3950 tilio
608 3904 705 3952 Elvidii
742 3917 853 3967 quorum
863 3907 985 3968 parantes
994 3903 1187 3967 ignorabantur,
1195 3908 1279 3954 etar-

169 3976 331 4040 intelligant,
347 3984 376 4025 et
391 3977 564 4041 Vetluterp.
582 3978 706 4027 audacter
743 3994 772 4028 ra
790 3985 866 4030 natos
881 3979 1012 4029 dicebam·
1032 3980 1121 4030 Labie.
1153 3978 1276 4030 Politian.

169 4055 270 4105 delibo
283 4055 362 4105 Acilii
380 4055 544 4106 Glabrionis:
563 4056 607 4105 sed
627 4057 671 4106 ille
691 4072 707 4106 a
743 4057 891 4106 miscetis.
903 4061 945 4105 ts.
973 4057 1074 4107 Erasm.
1082 4059 1158 4107 Ceut.
1166 4071 1228 4107 vna.
1245 4059 1277 4107 ad

169 4122 443 4181 Neroueiuteremtus
451 4131 508 4195 jam
519 4137 585 4194 erat,
598 4138 625 4181 et
636 4134 706 4182 nulla
743 4138 785 4183 su.
808 4132 917 4202 Cluiliad.
936 4134 1156 4196 l.-Frntsroulus,
1166 4136 1221 4199 irc]
1240 4134 1278 4184 Ut

170 4209 205 4258 de
216 4210 266 4258 boc
280 4209 377 4273 juvene
393 4215 481 4259 exuat
496 4207 708 4273 historiaquam·
741 4225 834 4260 omues
850 4225 892 4261 rue
903 4210 1016 4273 oderint,
1037 4218 1084 4261 aut
1101 4212 1217 4275 timeant,
1233 4218 1279 4262 ant

171 4287 211 4337 ris
219 4288 386 4341 Domitianus
399 4286 522 4350 plurimos
535 4286 706 4335 interemerit.
740 4295 925 4350 contemnant,
936 4288 1024 4353 idest,
1040 4289 1166 4354 ignobiles
1182 4304 1230 4355 pro
1240 4291 1278 4359 gi·

171 4364 331 4429 v-MWU]
343 4364 492 4415 Certissima
503 4362 591 4415 satana
601 4378 707 4428 exspec-
744 4366 874 4430 gentibus.
894 4368 948 4418 Vct.
956 4366 1012 4417 Sci.
