3084 4934
271 358 338 436 118
617 372 961 428 nurmnsnronuu
980 376 1025 424 ru

270 544 356 586 meum
364 529 449 579 locum
460 526 602 584 defendere
613 542 715 579 vereor.
740 527 805 577 Per·
841 527 938 577 alienas
954 541 1008 576 oses
1023 524 1126 576 modii
1139 530 1168 575 et
1184 523 1278 589 pascit.
1311 523 1376 573 Erat

269 606 375 669 stringit
386 620 448 670 ergo
459 606 515 666 bos,
525 605 569 670 qni
580 620 639 654 cunr
652 606 729 668 paulo
741 613 803 654 ante
839 612 926 653 autem
940 605 1097 653 Laurentum
1111 602 1217 666 opidum
1234 615 1317 666 prope
1329 602 1377 650 La·

269 682 386 731 vilissimi
404 697 514 746 nequam
532 680 732 741 tarvisiensem,
746 682 804 746 jam
840 684 936 732 vinium
955 684 981 731 ln
1000 684 1107 746 antiquo
1126 682 1210 742 Latio,
1227 669 1272 728 ubi
1288 676 1376 742 magui

270 758 345 808 malls
371 759 470 808 artibus
503 759 597 807 divites
623 759 747 810 volebant
775 774 804 808 se
840 762 925 823 campi
937 767 965 810 et
977 776 1082 824 pascua.
1116 758 1272 807 sindolv.

225 846 228 852 '
270 839 426 901 praturibus
453 844 481 885 et
508 837 618 888 tribunis
642 835 804 900 preferri-
876 841 922 888 lull
938 839 1049 888 Pallante
1059 843 1082 886 rt
1094 834 1197 897 ficium]
1215 835 1244 882 ld
1257 839 1376 894 est,sum

271 912 368 975 Molles]
395 912 437 962 Au
460 914 529 978 quud
554 914 680 964 bominem
699 915 804 964 mollem
841 914 923 964 ditior
933 920 960 963 et
972 914 1141 978 Locrrpletior
1157 912 1286 971 Pallante,
1300 910 1377 959 Clau-

269 989 423 1039 ostendant?
451 1005 484 1038 an
506 1005 554 1054 per
573 990 736 1054 hypallagen,
756 1004 804 1053 pro
841 992 878 1040 dii
890 991 983 1040 liberto
995 991 1133 1050 ditissimo,
1144 1004 1253 1038 necnon
1264 998 1377 1053 quaesto·

269 1067 341 1116 molli
353 1069 434 1116 anre?
450 1068 517 1117 Vide
528 1068 630 1117 Erasmi
643 1069 805 1120 Proverb-
841 1069 886 1119 riis
898 1076 926 1118 et
936 1069 1067 1132 pretoriis
1075 1068 1233 1118 ornamentis
1242 1066 1376 1129 insignito.

269 1143 384 1200 Aurimlu
394 1145 494 1194 mulius.
518 1145 649 1207 Ferrum]
668 1145 805 1196 Foramina
839 1153 896 1196 -et
909 1146 1015 1212 Licinis]
1036 1146 1134 1196 Licinio
1152 1146 1259 1195 Stolone
1272 1147 1375 1206 Grassm

268 1219 498 1272 intubis-Num
513 1224 546 1270 ud
565 1222 724 1285 Euphratem]
747 1224 804 1272 Me·
840 1224 872 1273 P.
893 1224 994 1273 Licinio
1017 1238 1093 1286 cogn.
1114 1223 1205 1280 divite,
1228 1227 1256 1269 et
1277 1220 1377 1269 licinio

267 1300 423 1362 sopotamlni
435 1300 550 1349 bomiues'
566 1299 700 1350 effrenatoe
717 1301 804 1354 libidi-
841 1299 949 1349 Caesaris
965 1299 1060 1348 liberto
1072 1307 1100 1347 et
1118 1306 1232 1347 tonsore.
1266 1296 1298 1345 In
1311 1295 1379 1345 anti·

177 1433 181 1437 ,
268 1377 804 1442 nissuminutroquesexu,utballustius
840 1391 891 1439 quo
911 1375 1056 1438 interprete
1076 1376 1133 1436 lege
1154 1376 1275 1422 nanus}
1295 1377 1377 1421 Arltt·

267 1455 512 1506 meminit-Molles
529 1459 590 1518 quod
611 1458 637 1505 irs
655 1456 804 1516 ruresesses·
838 1458 916 1501 ΤΑΤΗ
928 1452 1015 1501 Grau.
1049 1451 1108 1502 Nisi
1122 1449 1189 1500 forte
1206 1454 1376 1500 maturent.

267 1531 324 1595 tra]
341 1532 435 1593 Arguit
444 1534 560 1582 homines
571 1534 615 1597 qui
626 1548 684 1582 cum
695 1543 804 1598 propter
838 1533 1018 1594 -Easpecteal
1029 1544 1086 1592 ergo
1095 1527 1199 1591 tribuni]
1216 1529 1304 1578 Verba
1314 1526 1378 1578 Pod-

266 1609 400 1659 libidinem
410 1611 559 1660 libertatem
568 1611 730 1671 meruissent,
739 1618 767 1661 et
777 1613 802 1661 in
840 1612 875 1655 ta
891 1606 1005 1655 irrisorie
1023 1612 1052 1655 et
1068 1606 1167 1655 ironice
1185 1604 1235 1667 ipsi
1251 1604 1376 1654 libertino

267 1687 448 1736 libertinorum
466 1697 559 1750 corpus
579 1694 607 1735 et
625 1687 708 1736 tribus
725 1689 803 1739 relati
840 1684 977 1747 attribute,
987 1684 1059 1748 quati
1070 1683 1153 1746 dicat,
1164 1697 1228 1747 ergo
1239 1697 1298 1731 cum
1309 1682 1378 1733 diti·

267 1771 365 1826 essent,
376 1765 489 1829 pertusis
500 1764 605 1814 auribus
620 1765 694 1828 signa
705 1765 805 1816 liberti·
840 1763 883 1813 tiis
905 1762 1018 1827 affluam,
1040 1769 1197 1828 exspectent
1218 1762 1327 1825 tribuni,
1348 1768 1378 1814 et

266 1851 359 1896 norum
386 1844 472 1892 celare
499 1856 552 1891 non
575 1848 706 1906 poterant.
750 1846 802 1895 l'et.
840 1842 954 1905 priorem
970 1843 1055 1892 locum
1067 1849 1179 1904 occupet
1190 1840 1378 1889 ditissimus.-

268 1915 326 1966 Sub.
586 1941 589 1946 ·
613 1955 616 1962 ,
840 1920 952 1968 Pallante
967 1925 991 1969 et
1002 1918 1106 1982 Licinis]
1124 1918 1212 1967 Pallas
1230 1923 1258 1967 et
1269 1916 1376 1966 Licinus

300 1997 353 2066 1⁰⁵*
364 1993 412 2043 Sed
428 1995 531 2059 quiaque
550 1994 667 2059 dalmas]
693 1997 765 2048 Quas
775 1997 802 2045 io
839 1996 866 2044 iu
888 1998 947 2045 aula
970 1997 1073 2047 Claudii
1094 1995 1207 2046 Caesaris
1232 1993 1378 2058 prepositi,

263 2068 322 2121 foro
342 2072 434 2122 babeo.
467 2074 579 2123 Turneb.
599 2087 651 2124 xx.
673 2079 698 2123 8.
733 2075 802 2124 Hinc
839 2089 928 2124 curam
941 2075 1016 2139 Relp.
1026 2079 1171 2137 gesserunt,
1189 2087 1248 2121 cum
1259 2069 1377 2120 libertini

266 2149 371 2197 stultam
391 2150 499 2200 bominis
518 2151 659 2200 elationem
678 2152 803 2214 ostendit,
839 2158 935 2202 essent.
968 2153 1057 2202 Pallas
1073 2152 1185 2201 libertus
1202 2147 1305 2199 Claudii
1321 2147 1378 2197 Car·

265 2225 310 2289 qui
320 2225 419 2296 divitiis
430 2233 458 2276 et
470 2226 545 2277 bouis
566 2235 667 2277 tanturn
688 2227 802 2278 fortuna
839 2228 914 2291 saris,
929 2227 1042 2279 officium
1064 2229 1193 2278 rationum
1213 2225 1377 2275 administra·

266 2299 398 2363 gloriamr.
428 2303 563 2367 Quinque,
580 2304 674 2368 inquit,
685 2313 746 2355 sunt
756 2307 803 2355 mi·
839 2304 888 2366 vlt,
899 2312 927 2354 et
935 2306 960 2353 in
970 2320 1105 2354 nnmerum
1113 2302 1377 2370 Fracturum-relatus,

264 2378 291 2427 bi
310 2379 412 2427 toberin
430 2377 489 2429 foro
511 2381 635 2438 Romano,
658 2381 692 2430 ab
719 2382 802 2446 inqui·
839 2381 908 2445 quod
927 2382 1038 2445 primurn
1056 2387 1272 2444 percunctantem
1291 2379 1377 2428 Caesa·

264 2455 324 2505 linis
343 2456 506 2519 inhabitatae,
527 2472 585 2522 quae
607 2458 668 2506 mibi
696 2472 802 2508 censum
840 2455 1376 2521 remdeincestoAgrippiuae,adnuptias

264 2540 412 2598 equestrem
420 2541 584 2598 comparant,
601 2534 634 2585 ob
649 2550 725 2600 quem
736 2536 802 2585 reci·
839 2532 1026 2584 confirmasset.
1053 2536 1178 2599 'Eamque
1193 2533 1250 2596 ipse
1266 2546 1378 2582 consue·

263 2608 323 2671 pior
334 2610 359 2658 iu
372 2615 411 2660 14.
423 2611 518 2674 gradus
527 2610 633 2672 theatri,
639 2611 666 2659 id
677 2620 728 2674 est,
741 2628 801 2677 quse
841 2611 956 2660 tudinem
975 2611 1061 2676 stupri
1078 2611 1143 2660 adeo
1161 2611 1247 2673 palam
1264 2607 1377 2669 fecerat,

264 2698 298 2732 sn
310 2686 429 2749 vectigali
440 2693 469 2736 et
480 2693 612 2749 proventu
629 2687 744 2737 reddunt
755 2690 802 2737 mi·
839 2695 869 2737 ut
890 2688 916 2736 in
945 2687 1056 2752 quodam
1084 2688 1223 2738 simulacro
1245 2683 1377 2734 Palatium

260 2761 290 2809 ni
307 2763 497 2827 quadringenta
514 2763 595 2813 millia
612 2766 803 2815 sestertium-
839 2766 968 2815 Minervae
999 2764 1160 2828 adscriptum
1181 2764 1225 2825 sit,
1251 2765 1379 2810 nunnae.

266 2838 501 2903 Quaqrstoom]
519 2840 587 2892 Qun
598 2842 761 2905 tumquirrque
774 2848 803 2891 et
839 2850 980 2895 ΑΙΤΙΩΤΑΙ.
1024 2844 1137 2894 licinius
1171 2857 1204 2891 ex
1235 2839 1378 2890 Germania

264 2917 430 2981 argentariae,
438 2913 516 2967 antia
527 2917 683 2967 dicebantur
691 2927 719 2967 et
727 2926 802 2969 erant
839 2936 906 2985 puer
917 2930 1018 2986 captus,
1029 2925 1110 2970 tante
1123 2917 1256 2968 industriae
1267 2915 1330 2977 fait,
1345 2922 1377 2965 ut

264 2999 375 3057 septem,
385 3002 476 3059 postea
488 2996 592 3047 Novem
602 2997 728 3048 tabernae.
741 2998 803 3047 Vid·
840 3000 962 3065 reliquias
979 2999 1135 3049 cibariorum
1151 2997 1221 3046 inter
1236 3006 1377 3044 conservos

263 3069 351 3128 Isinl.
364 3085 464 3123 xxxva.
840 3074 992 3140 feneraret,
1013 3083 1041 3126 et
1061 3076 1103 3126 cui
1125 3073 1188 3140 quid
1208 3071 1377 3132 credidisset,

298 3154 345 3199 loo
362 3150 529 3211 Quirlcosjsrt
536 3151 654 3216 purpura]
664 3151 802 3217 Equestris
840 3155 912 3218 quali
932 3161 1037 3218 poterat
1054 3151 1226 3217 chirographo
1243 3148 1378 3214 pugillari·

263 3224 387 3276 nobilitas
397 3242 513 3291 purpura
520 3229 649 3279 etaunulo
656 3230 799 3291 designata.
840 3233 888 3294 bus
901 3233 1069 3293 subnotant,
1087 3246 1150 3297 quoa
1161 3245 1220 3280 curn
1231 3228 1258 3277 in
1269 3225 1379 3290 expedi·

264 3301 335 3354 (isid
344 3317 458 3367 purpura
469 3306 509 3353 rel
519 3305 686 3368 laticlauium,
697 3307 802 3355 babitus
840 3311 911 3359 tione
929 3310 1042 3375 quadam
1061 3307 1217 3358 transituras
1234 3303 1331 3362 flumen
1348 3303 1376 3351 in

156 3426 160 3436 ,
263 3379 389 3444 equitum,
406 3382 490 3444 majus
507 3391 535 3430 et
550 3383 739 3433 accumulatius
757 3384 803 3433 bo·
840 3387 1002 3437 vestimentis
1023 3384 1223 3453 recondidisset,
1251 3382 1283 3431 C.
1304 3380 1377 3432 Julio

261 3468 325 3504 uum
342 3463 432 3518 potest
448 3458 576 3521 conferre,
594 3474 670 3523 quam
688 3461 800 3511 bonores
840 3464 938 3514 Caesari
949 3460 1244 3529 oriundam-deneganti,
1255 3458 1280 3508 ei
1292 3457 1378 3523 pugil·

259 3545 294 3582 ac
313 3537 398 3582 tantas
419 3534 545 3583 divitias?
568 3535 654 3586 mou.
688 3537 801 3589 Quidam
839 3540 936 3589 laribus
954 3540 1093 3605 quicquam
1109 3543 1269 3598 annotatum,
1286 3534 1378 3583 barba·

261 3622 309 3672 pro
319 3609 801 3677 ud⁰r‚leaunt‚uqtas‚utoptandun
839 3631 883 3665 rus
900 3617 991 3680 lugens
1013 3631 1059 3666 eus
1081 3615 1196 3665 obtulit:
1230 3615 1320 3663 statim
1342 3610 1377 3660 sd

263 3685 661 3761 magia-QuadriageatoLQni
672 3698 730 3744 erat
741 3708 802 3741 con·
839 3692 1060 3756 dispensationem
1076 3683 1213 3753 admissus,
1229 3704 1281 3740 non
1294 3689 1377 3738 multo

262 3775 305 3811 sus
332 3769 409 3811 antea
435 3764 559 3827 Equitum
584 3767 802 3819 Romanorum-
840 3778 901 3834 post
918 3769 1087 3819 manumissus
1103 3775 1154 3830 cst,
1169 3768 1229 3815 dein
1249 3763 1378 3815 curationi

261 3838 374 3903 Purpura
399 3840 486 3904 major]
528 3840 706 3893 Laticluvium.
742 3845 794 3895 Vct.
839 3847 983 3896 Galliarum
1008 3846 1042 3897 ab
1067 3844 1186 3909 Augusto
1210 3842 1377 3908 prepositus,

261 3914 317 3965 Μ·
839 3940 883 3975 eas
902 3926 1039 3990 spoliavit:
1065 3932 1094 3976 et
1114 3939 1172 3976 cum
1195 3922 1320 3986 flagraret
1338 3921 1377 3969 in·

296 3998 343 4045 1⁰7
370 3994 408 4044 m
421 3997 538 4047 lamenti
557 3998 660 4047 assuit
681 4000 708 4048 irs
728 4001 801 4064 agro]
839 4002 918 4065 vidia,
936 4001 1067 4053 basilicam
1082 4003 1131 4052 snb
1148 4002 1249 4051 tremine
1267 3997 1377 4050 0.de

262 4071 344 4122 Quasi
366 4072 449 4136 dicat,
474 4075 536 4139 quid
562 4075 639 4139 juvat
659 4076 801 4140 majoribus
839 4078 950 4148 Caesaris
962 4077 1113 4130 aedificarit.
1139 4076 1265 4128 Decessit
1276 4075 1324 4128 sub
1334 4074 1377 4124 'ri-

261 4149 429 4225 nobilissimis
441 4156 607 4217 progenitum
620 4170 686 4216 esso,
701 4158 722 4204 si
735 4158 801 4206 divi·
839 4155 922 4216 berit),
931 4155 1039 4219 Proinde
1048 4155 1132 4217 dives,
1141 4151 1375 4219 quotessstlupes

263 4224 306 4274 tiss
317 4230 513 4280 uunacoedant.
531 4232 663 4295 siquidem
674 4234 801 4283 Corvinus
839 4231 920 4280 etiam
936 4231 1106 4294 exhausisset,
1125 4237 1154 4281 et
1170 4230 1256 4282 dictus
1271 4234 1314 4276 est
1330 4227 1376 4275 ba·

263 4300 447 4366 nobilissimas,
470 4307 498 4356 ia
520 4323 579 4370 agro
597 4309 727 4372 laureati,
746 4326 801 4359 uos·
839 4308 1182 4373 buisseuummosquantam
1193 4303 1375 4362 milvlvtlltfll·

267 4377 350 4427 &tuus
360 4392 408 4442 per
418 4381 542 4452 inoptam,
551 4399 601 4435 non
614 4387 744 4452 proprias,
753 4387 801 4440 sed
840 4384 917 4437 Unde
928 4382 1044 4438 Persius.
1061 4386 1155 4437 ‘Nurac
1167 4382 1251 4438 tactui
1266 4381 1293 4431 iu
1306 4393 1374 4438 ⁰⁸*
