3084 4934
546 436 921 492 invenenatum.
1129 492 1133 499 ,
1200 418 1282 488 ’891

176 585 329 652 pierumque
340 583 438 650 aliquid
450 592 496 636 aut
507 585 594 635 dicere
612 591 657 636 aut
674 584 712 635 fa·
749 580 876 648 prot‘eral.
1368 644 1371 659 ¹

177 677 240 711 cere
250 663 441 727 injungebatur.
467 663 713 725 Gmrge-Fmeud
734 700 740 707 ,
782 664 814 711 ul
833 662 878 710 Nil
887 656 933 710 tibi
942 659 979 725 ae]
1002 660 1102 712 idest:
1119 660 1227 711 iiieuon
1237 673 1283 710 ex·

176 740 288 804 aanor]
321 741 487 790 Lenoeiniuru
515 753 638 790 exercere
661 754 713 790 nou
750 735 886 800 iatiruabit,
905 738 975 801 quod
993 737 1040 789 tibi
1061 739 1156 803 aliquid
1178 738 1285 801 debent,

179 833 294 881 prorum.
330 817 453 868 Veloci
749 815 820 881 quod
831 814 877 866 tibi
888 814 1019 880 obligatus
1030 817 1074 878 rit,
1092 817 1156 866 nibil
1168 815 1284 867 ebamiu

211 899 245 944 46
262 894 369 958 Norant]
400 893 454 944 Alii
464 894 560 944 aurius
585 908 645 944 uam
662 908 713 958 ego
751 900 779 942 te
795 890 921 952 conferet,
940 894 982 943 rel
1002 893 1050 943 tibi
1067 893 1152 957 dabit,
1170 893 1215 958 qui
1239 905 1286 941 uua
1380 939 1383 946 .

175 972 246 1021 scira
267 972 413 1023 noio-Me
437 987 504 1022 uiuo
525 973 648 1037 minimo]
680 972 712 1022 ld
749 970 859 1021 bouem
869 977 971 1022 secreta
988 970 1037 1021 tibi
1049 972 1183 1022 revelavit.
1218 970 1285 1021 Cou-

76 1105 79 1112 ,
176 1055 229 1111 cst,
250 1063 301 1097 nou
317 1063 424 1112 possum
443 1063 554 1098 uacuam
571 1064 628 1098 erac
648 1048 713 1099 tirria
749 1057 802 1113 tra,
812 1050 856 1115 qui
867 1057 955 1100 autern
973 1050 1075 1101 scelera
1090 1064 1136 1098 aua
1155 1048 1204 1099 tibi
1223 1063 1284 1115 apc-

169 1124 281 1195 judicie.
313 1125 345 1175 ld
358 1132 407 1186 eat,
417 1140 475 1175 meo
489 1126 578 1190 ductu,
587 1126 714 1191 arupicio,
750 1127 811 1190 ruit,
822 1128 847 1176 iu
859 1126 977 1177 omnibus
989 1126 1038 1176 tibi
1049 1125 1268 1192 eritobaequeuo.

176 1201 331 1263 ministerio,
353 1217 429 1252 nemo
448 1201 518 1251 furta
540 1204 712 1268 perpetrabit.
781 1208 814 1254 li
832 1204 909 1254 Curru
918 1203 973 1266 erit,
983 1202 1035 1266 iro]
1068 1202 1194 1252 Ostendit
1212 1200 1283 1268 quod

176 1280 508 1346 qul.—ll1eaem,drc.]
539 1281 599 1331 Non
612 1295 713 1345 porcum
749 1280 825 1343 dixit,
837 1280 922 1331 simili.
955 1279 1055 1331 idest:
1082 1285 1200 1329 econtra
1213 1292 1284 1340 vero,

174 1371 290 1417 accersor
300 1373 356 1408 esee
366 1356 431 1408 furia
444 1359 553 1422 judicia.
589 1357 713 1408 benecd-
749 1362 879 1427 quinovit
898 1362 1006 1411 Verrem
1022 1360 1106 1413 iurent
1125 1373 1193 1421 eree,
1210 1359 1283 1408 ilium

174 1433 240 1483 iuuit
251 1434 284 1482 de
295 1434 481 1484 consiliaribur.
519 1434 573 1484 Vel.
584 1435 642 1486 Sel.
748 1440 845 1489 Verres
862 1439 889 1488 in
907 1453 1004 1507 summo
1016 1434 1235 1501 proloquamur
1247 1432 1285 1482 in·

98 1516 102 1523 '
210 1514 243 1560 4⁷
261 1510 331 1559 Nulli
348 1524 423 1560 coner
439 1510 507 1574 eaeo]
540 1511 713 1562 Soiualioma
749 1516 829 1578 ritus,
850 1515 976 1578 habebit3
1003 1514 1107 1566 timebit
1127 1527 1161 1562 ne
1182 1511 1216 1562 ab
1238 1511 1283 1560 iilo

175 1600 254 1648 exeo,
265 1601 340 1636 nemo
352 1601 393 1637 rue
404 1589 552 1650 comitatur,
560 1590 658 1654 quippe
667 1589 712 1640 nbi
748 1593 883 1658 prodetur.

175 1663 230 1712 rari
254 1664 324 1714 boni.
365 1665 402 1715 Et
420 1665 480 1716 inde
500 1681 550 1730 ego
569 1667 637 1716 soluo
655 1674 712 1718 tan·
781 1673 814 1719 ⁶4
832 1669 905 1720 Tanti
915 1667 970 1732 tibi,
980 1667 1033 1732 lfa]
1050 1668 1098 1717 Eut
1110 1672 1197 1716 autem
1208 1677 1282 1729 egre·

175 1755 255 1804 qnam
277 1755 397 1790 mancum
416 1748 445 1792 et
462 1741 549 1792 debile
570 1743 712 1794 membrum
749 1744 792 1810 gia
801 1745 942 1796 admonitio
953 1752 981 1795 et
992 1743 1138 1795 exhortatio
1154 1742 1283 1792 ecurioaa

97 1879 100 1882 Δ
173 1817 210 1868 ab
221 1818 287 1868 urbe
298 1833 404 1883 separor
414 1821 538 1882 Romana,
555 1828 712 1886 tauquama
747 1822 793 1872 iila
801 1828 829 1871 et
840 1823 968 1871 scelerata
986 1821 1094 1881 malitia,
1111 1833 1144 1868 ue
1161 1819 1218 1884 quia
1236 1819 1282 1867 lur-

174 1910 296 1960 corpure.
322 1897 425 1958 Comes,
435 1897 487 1947 iter
497 1896 713 1963 oobiacuuriacit‚
743 1895 858 1961 jusmodi
878 1897 985 1948 aliorum
994 1898 1095 1947 scelera
1105 1909 1201 1945 arcuna
1210 1896 1281 1946 scru-

175 1973 275 2022 aaaecia
283 1974 401 2038 requitur
410 1972 579 2037 potentiores.
602 1972 712 2038 sodalis,
748 1980 828 2024 tetur.
868 1972 900 2023 Id
923 1980 973 2038 eat,
995 1973 1071 2023 nuiiae
1092 1972 1190 2022 divitiae
1214 1971 1281 2021 tanti

174 2050 360 2102 adulescentiae
372 2057 526 2101 nomeueel.
560 2043 710 2103 &Fronto
749 2050 798 2101 tibi
825 2050 887 2114 rint,
911 2051 1028 2117 quamvis
1054 2049 1227 2113 amplissima,
1252 2054 1282 2098 ut

208 2130 241 2176 48
266 2127 379 2191 macac]
412 2128 519 2178 Dicitur
541 2128 614 2193 quati
635 2141 712 2178 uranu
748 2133 858 2191 propter
876 2127 933 2178 illua
950 2128 1034 2178 oceiur
1051 2127 1127 2178 amici
1141 2126 1281 2185 occultum,

175 2217 285 2254 cerens:
310 2219 359 2268 per
375 2205 425 2254 boc
441 2205 527 2264 Soiur,
538 2205 611 2270 quari
624 2205 668 2271 qui
678 2206 711 2257 ab
748 2205 813 2255 reiir
838 2205 1008 2270 perrerutari,
1025 2218 1114 2255 wmuo
1135 2217 1237 2266 carere,
1253 2211 1282 2254 et

171 2281 710 2346 omuibusrepudier.-Exdlactudertroe]
747 2282 831 2334 auium
851 2282 918 2347 angi,
936 2297 969 2333 ue
991 2298 1007 2332 e
1028 2281 1114 2332 medio
1134 2280 1231 2331 tellaria
1246 2279 1281 2330 ab

174 2357 711 2422 Tanquammembrunrcmortuaedextrae,
747 2357 802 2422 illo,
812 2359 855 2424 qui
876 2366 903 2409 te
921 2359 1051 2410 conucium
1069 2359 1163 2418 timet3
1188 2356 1231 2406 vei
1248 2371 1281 2406 uc

174 2448 235 2498 quae
248 2435 312 2483 nulli
323 2442 364 2486 eet
376 2436 442 2487 naui.
481 2436 574 2500 Neque
585 2450 633 2500 ego
644 2436 710 2486 adeo
748 2434 886 2499 aliquando
904 2434 951 2484 tibi
969 2434 1086 2501 objiciat,
1106 2432 1176 2497 qnod
1186 2446 1282 2481 arcana

174 2510 283 2562 idoneus
302 2518 330 2562 et
349 2512 443 2564 babilis
458 2511 549 2564 officiis
561 2514 710 2564 adulatoriis
748 2511 796 2561 tibi
814 2512 964 2563 concredita
982 2509 1165 2576 patefeceris,
1181 2515 1209 2558 et
1221 2507 1283 2573 abji-

174 2588 300 2639 aceicatia.
333 2591 399 2640 Der.
408 2590 539 2641 Horridus
551 2591 658 2641 equitem
667 2591 710 2642 bic
747 2588 841 2639 cienda
851 2595 878 2639 et
890 2588 1046 2640 detentanda
1056 2586 1163 2653 premia
1175 2585 1209 2636 ab
1220 2586 1282 2634 ami·

175 2662 307 2728 iutelligit,
324 2668 370 2731 qui
391 2667 498 2718 alterius
519 2668 587 2719 latus
609 2676 709 2733 tegeor,
748 2681 780 2716 oo
792 2673 838 2716 tuo
848 2681 942 2731 magno
962 2680 1078 2730 poscere,
1090 2672 1118 2715 et
1132 2665 1178 2716 illo
1196 2662 1284 2714 timori

173 2742 250 2804 quari
261 2741 356 2793 dextra
366 2759 453 2794 casaur
470 2752 521 2809 eet,
530 2747 606 2811 cujur
623 2746 709 2796 urinia-
747 2756 851 2807 temper
861 2742 961 2808 cuplae.
992 2741 1037 2791 Sic
1050 2741 1193 2793 Horatius:
1216 2737 1284 2789 ‘Ar

175 2819 242 2869 torio
253 2826 336 2869 caret.
369 2821 475 2873 Ferunt.
747 2834 841 2870 cauum
863 2834 947 2885 neque
971 2824 1000 2869 tu
1025 2817 1182 2870 rcrutaberir
1203 2818 1279 2868 ulliur

206 2899 241 2946 la
269 2896 331 2952 Qui·
349 2913 419 2962 nunc,
436 2901 490 2965 ire]
521 2901 637 2964 Exponit
653 2901 708 2965 jum
746 2912 870 2963 uuquam,
893 2896 1112 2959 Commissumque
1134 2899 1218 2959 tegar,
1238 2894 1281 2944 vot

170 2972 331 3024 sceleratum
342 2976 442 3026 crimen
455 2977 566 3041 illorum,
583 2978 627 3040 qui
645 2978 708 3028 aiio-
746 2976 805 3027 vino
816 2981 910 3038 turtur,
929 2981 958 3025 et
975 2972 1032 3023 ira!
1056 2971 1156 3036 optime
1167 2971 1281 3035 Lysima-

173 3065 233 3100 rum
254 3052 353 3102 scelera
373 3052 556 3117 explorabant,
584 3059 663 3118 atque
692 3048 715 3105 a⁴
746 3051 977 3117 ehol'hiiippidea,
992 3048 1057 3109 πλὴν
1074 3050 1122 3105 τῶν
1137 3045 1284 3111 duelliferi,

172 3128 309 3179 sceleratis
327 3131 413 3195 omnia
429 3137 523 3195 postea
541 3130 709 3195 postulabunt
745 3128 765 3178 i.
777 3142 801 3178 e.
813 3135 987 3194 preterquam
1003 3126 1091 3190 vetita,
1103 3139 1208 3187 aroana,
1222 3138 1281 3175 uar-

171 3213 203 3256 et
213 3206 398 3272 impetrabant,
417 3214 446 3258 et
463 3208 497 3258 ab
512 3208 564 3257 iiiia
582 3207 709 3258 timebau·
746 3212 804 3255 ratu
815 3205 928 3268 indigna,
940 3218 1015 3268 supp.
1027 3203 1094 3254 rcire
1105 3200 1194 3253 resera
1218 3201 1281 3251 Piu-

174 3290 229 3345 tur,
237 3297 271 3332 ue
283 3284 425 3347 proderent
432 3284 507 3335 iilos:
525 3285 550 3334 id
562 3291 620 3335 eata
633 3297 708 3335 uerno
746 3281 829 3332 turcb.
840 3280 874 3329 de
885 3280 1046 3345 garrulitate.
1065 3278 1198 3330 Formo·
1204 3279 1281 3342 Opcei

172 3360 253 3410 bodio
264 3362 353 3411 Rome
373 3361 501 3426 diligitur,
519 3361 568 3411 uici
586 3362 630 3427 qui
648 3376 709 3413 con·
749 3357 823 3422 ruga]
854 3358 938 3408 Densi
959 3365 988 3408 et
1008 3356 1152 3407 turbulenti
1172 3361 1281 3421 propter

172 3437 242 3489 acius
253 3445 295 3488 ert
306 3439 428 3489 scelerati
438 3439 546 3504 aiicnjue
565 3436 707 3501 facinoria3
746 3433 872 3486 auriferae
888 3449 987 3485 arenae.
1019 3434 1070 3484 Vel
1087 3433 1172 3499 potius
1182 3431 1280 3483 umbrie

173 3515 216 3564 vei
227 3515 272 3579 qui
282 3516 356 3565 norit
363 3516 501 3566 maximum
510 3515 613 3582 aliquod
624 3519 709 3566 aceiur
746 3511 869 3561 arborum
879 3510 990 3561 obrcuri.
1006 3508 1095 3560 Labie.

171 3591 272 3641 domiui
289 3592 331 3642 vel
350 3592 425 3643 amici
442 3593 493 3656 rui,
511 3607 527 3641 a
543 3606 595 3657 quo
613 3607 708 3657 magno
778 3593 810 3637 55
836 3587 908 3653 Tagi]
941 3586 1026 3637 Fluvii
1043 3586 1070 3636 iu
1088 3585 1230 3649 Lusitania,
1246 3585 1280 3637 ob

132 3681 135 3685 ·
170 3668 409 3720 hunoreetamore
427 3670 534 3733 cobtur,
549 3684 583 3720 ne
604 3686 631 3720 re
649 3685 709 3736 pru·
746 3662 1281 3727 uenarauriieraaeaterioamuibuepra„

172 3745 230 3795 dat.
264 3745 340 3796 iden.
561 3774 563 3777 ·
745 3741 1060 3806 lati-Quodqueinmre
1070 3739 1278 3804 volaticorum]

205 3827 239 3872 50
256 3823 291 3873 Et
308 3823 349 3873 cai
364 3825 474 3889 ΕΜ]
506 3823 642 3888 conjunge
652 3824 708 3875 irae
746 3820 800 3871 Per
810 3821 917 3885 Tagum,
933 3820 975 3871 vel
992 3819 1085 3869 similia
1096 3817 1202 3868 flumina
1212 3819 1280 3868 auri-

167 3900 289 3951 ‘Fervent
314 3902 425 3951 occultis
446 3909 473 3951 et
494 3901 621 3951 mendis.
666 3902 708 3951 lta
745 3894 809 3946 scra.
842 3896 917 3946 idm.
1218 3902 1222 3907 “

171 3978 255 4026 dicit:
281 3978 356 4043 qnasi
367 3978 465 4029 animur
476 3977 637 4029 conacieutia
653 3992 708 4027 rcc-
777 3977 810 4024 bd
830 3972 1052 4037 Utromuoccreru]
1068 3972 1183 4036 Propter
1194 3983 1279 4022 recre-

171 4053 245 4115 leria,
268 4053 302 4103 ab
322 4055 405 4104 altero
430 4054 566 4117 designati,
587 4052 708 4114 ferveat,
745 4058 801 4102 tum
813 4051 1034 4114 commurmurat
1050 4055 1279 4113 propteroeoupa·

171 4145 231 4196 que
254 4146 303 4182 nec
324 4139 414 4182 tacere
432 4132 511 4182 facile
534 4142 632 4197 puroet,
657 4147 708 4186 nec
745 4129 916 4187 tuadivitiar3
934 4123 1279 4191 utriruqueeuiminsomnia

172 4209 362 4274 tutoprodere.
394 4211 537 4260 Translatio
555 4216 596 4261 eat
615 4225 630 4259 a
649 4224 708 4274 pro·
745 4212 772 4255 et
805 4205 922 4269 inquieta
949 4201 1279 4266 custodia-Poenoque]

170 4285 247 4337 celtis
266 4294 294 4335 et
308 4283 435 4337 ,fluctibus
453 4285 708 4349 marinia-AEetuut]
745 4284 812 4335 Quin
824 4296 883 4333 cum
895 4280 961 4331 maia
971 4279 1129 4329 couscientia
1140 4292 1191 4327 nun
1203 4285 1279 4329 etant

172 4362 296 4428 agitetur
316 4369 344 4414 et
366 4361 509 4429 incalescit,
529 4369 651 4437 taqeatue
673 4377 706 4414 au
740 4354 1067 4440 aumeuda.-Poucudoque
1080 4354 1192 4421 premio]
1212 4355 1278 4412 Qua
