3084 4934
209 314 277 383 442
565 331 601 377 n.
624 329 730 378 sunu
753 326 968 397 ouvuunrrs

212 470 437 557 Quadrijugcs
451 473 487 535 in
500 472 686 551 vestibulis
702 475 889 557 atqueipso
903 473 1008 537 feroci
1087 508 1090 511 >
1176 468 1179 471 ’
1250 526 1254 543 ,

214 575 382 640 Bellatore
397 575 515 663 sedens
530 580 702 641 curvatum
716 574 837 639 hostile
851 575 994 639 miuntur

186 672 189 677 ’
213 676 362 754 dminus,
377 683 410 741 et
422 683 530 742 statua
542 677 718 745 meditatur
731 678 849 761 proelis
862 677 968 741 lusca.

214 779 272 847 Sic
280 778 380 844 Pedo
396 782 582 859 conturbat,
599 778 717 844 Matho
733 778 864 844 deficit:
887 781 996 843 oxiuss
1010 778 1065 842 iric
1080 783 1133 842 est
1248 856 1253 862 ,

213 882 369 964 Tongilii,
384 888 594 964 mngno'cum
607 880 813 961 rhinocerote
827 882 933 945 lovari
1257 878 1322 943 130

216 982 285 1062 Qui
300 986 393 1061 solet,
410 992 444 1050 ot
459 991 560 1051 vexat
572 985 731 1051 lutulenta
745 986 865 1050 balnea
878 987 986 1063 turba,

217 1196 248 1235 cs
258 1198 315 1245 cre,
332 1181 424 1247 proceri
441 1182 602 1249 quadriiugos,
620 1186 712 1250 ipseque
729 1202 842 1246 generoso
862 1187 896 1236 sd
915 1186 1000 1236 ioum
1017 1200 1084 1250 equo
1098 1184 1201 1234 dosidem
1211 1184 1283 1233 telum
1294 1183 1329 1232 iu-

210 1248 305 1312 flexum
319 1253 401 1312 procui
416 1252 529 1313 interstat,
546 1268 574 1301 cc
585 1253 662 1316 effigie
673 1253 756 1301 coclite
766 1255 866 1303 molitur
877 1254 1014 1301 conomius.
1049 1251 1089 1299 Ito
1106 1251 1171 1300 Pedo
1189 1248 1329 1303 wmmiscct,

220 1315 306 1362 Matio
316 1316 459 1364 succumbit:
481 1317 523 1365 iiie
533 1322 568 1365 cst
578 1318 640 1382 fluis
657 1317 769 1378 Tongilii,
780 1318 821 1381 osi
829 1317 918 1379 grandi
929 1333 982 1367 cum
992 1317 1139 1364 rhinocerote
1151 1316 1226 1363 unsri
1237 1329 1330 1363 conare·

216 1379 261 1443 stc,
273 1383 296 1428 st
307 1395 397 1430 cunosu
411 1382 564 1431 multitudine
582 1381 777 1445 crociutdducu,
792 1388 816 1431 ct
827 1384 925 1445 oblongo
941 1383 996 1446 polo
1013 1382 1097 1430 Medos
1115 1381 1269 1429 adolescentes
1285 1394 1330 1442 per

220 1610 303 1656 -129
320 1607 405 1657 Mutuo
421 1608 504 1670 dejicit
522 1610 590 1675 conj.
610 1610 705 1660 Lubin.
724 1618 754 1661 ut
773 1625 863 1661 sensus
881 1612 931 1662 sit:
959 1611 1054 1661 divites
1065 1609 1189 1660 csruidici
1201 1607 1332 1657 tenuiores

218 1671 371 1747 conturbant,
381 1673 553 1740 confundunt,
572 1682 600 1726 ct
612 1676 734 1738 dejiciunt,
750 1679 930 1740 supplantant,
949 1688 1084 1740 superant,
1096 1675 1203 1724 vincunt
1222 1673 1249 1721 in
1261 1672 1333 1736 jndi-

218 1738 276 1812 cius.
310 1738 450 1788 Mothonem
460 1746 533 1789 certe
545 1740 698 1791 ditissimum
709 1740 799 1804 fuisse,
816 1743 909 1806 probst
920 1758 954 1792 ex
966 1757 985 1793 1.
995 1744 1127 1791 32-130.
1148 1744 1195 1789 1³1
1214 1748 1334 1800 transpov

222 1801 266 1850 siti
278 1802 304 1850 in
315 1807 357 1852 45.
390 1807 520 1855 ήηοεσοιι
537 1811 577 1856 21.
596 1811 637 1856 27.
659 1813 804 1858 -νεπωενοτο
814 1812 856 1859 22.
888 1807 1034 1858 rinocerotis
1045 1811 1087 1856 23.
1099 1820 1115 1854 s
1126 1820 1161 1854 m.
1173 1818 1225 1854 sec.
1237 1808 1278 1853 24.
1290 1805 1334 1853 45.

724 1953 830 2004 NorAE

221 2067 334 2132 insignio
353 2069 507 2136 nobilitatis,
528 2087 624 2125 aersunr
643 2089 757 2137 currum,
832 2073 975 2138 Caturiot]
1008 2073 1125 2122 Verbum
1142 2071 1223 2133 iuris,
1239 2069 1266 2118 id
1283 2073 1336 2131 cst,

224 2158 274 2207 quo
299 2146 423 2210 mojonmr
450 2148 544 2212 aliquis
572 2150 757 2213 triumphavit:
800 2151 934 2215 decoquit,
946 2150 1092 2213 dilapidat:
1117 2165 1153 2198 aes
1166 2149 1279 2198 alienum
1291 2160 1336 2195 re·

223 2220 276 2269 iuno
288 2227 316 2271 et
325 2228 439 2271 statuum
452 2231 599 2288 equestrem
619 2226 668 2274 sibi
687 2240 759 2275 erec·
799 2234 842 2276 tus
858 2241 908 2274 non
928 2227 1013 2288 solvit,
1032 2232 1059 2274 ct
1074 2240 1169 2275 novum
1187 2222 1334 2273 contrahit:

226 2304 288 2346 tarn.
799 2303 913 2359 rationes
941 2302 1089 2353 debitorum
1117 2300 1245 2364 congerit,
1267 2311 1336 2347 corn·

259 2378 307 2424 126
325 2375 496 2441 Quadrijrrges]
530 2376 598 2443 Equi
610 2376 642 2428 ad
656 2392 759 2429 currum
800 2378 903 2438 miscet,
932 2379 1079 2429 conturbat.
1129 2377 1186 2427 Cic.
1213 2390 1261 2440 pro
1286 2375 1337 2423 Cn.

226 2458 345 2515 quatuor.
379 2452 447 2503 Vide
456 2454 561 2505 initium
571 2455 666 2505 Sotirae
676 2469 739 2505 vrrs.
800 2454 929 2504 Plancioc
951 2455 1066 2505 ‘Vernos
1078 2453 1121 2503 fac
1132 2468 1173 2502 me
1191 2451 1280 2501 multis
1291 2450 1336 2498 de·

160 2540 163 2549 ’
259 2527 466 2593 Ipsefcroci,ifc.]
482 2531 550 2594 Ipsis
561 2533 639 2581 etiam
651 2532 762 2582 cousidi·
802 2530 874 2592 uere,
886 2538 914 2580 et
925 2531 951 2580 in
962 2531 993 2579 iis
1005 2530 1130 2580 Plancio:
1158 2536 1245 2578 utrum
1256 2527 1336 2589 igitur
1366 2582 1367 2587 ¹

224 2603 264 2652 cis
293 2606 457 2668 ponebantur
487 2614 581 2657 ststuae
610 2609 760 2673 Equestres.
802 2622 843 2656 nte
855 2607 1011 2656 conturbare
1029 2612 1151 2671 oportet;
1173 2620 1206 2653 nu
1223 2604 1273 2653 hoc
1292 2615 1337 2651 no·

227 2679 343 2729 Msrtisl.
365 2680 525 2745 Epigramm.
549 2697 590 2732 rx.
613 2687 652 2733 10.
679 2685 761 2733 ‘'l‘arn
802 2680 949 2748 men,'quod
967 2692 1053 2748 urget,
1069 2698 1139 2733 nuuc
1159 2698 1218 2732 cum
1238 2680 1339 2745 petitur

228 2766 307 2817 grove
322 2759 454 2818 percussis
471 2757 608 2808 incudibus
619 2773 670 2808 cern
681 2761 762 2809 resol·
803 2759 973 2810 dissolveroi’

209 2831 294 2895 stunt,
314 2832 478 2885 Causidicum
501 2835 586 2887 medio
608 2851 666 2886 curu
688 2836 763 2887 suber
836 2837 933 2902 Muto]
965 2835 1040 2886 Alius
1057 2835 1213 2898 causidicus,
1233 2833 1266 2883 de
1286 2847 1337 2898 quo

230 2915 305 2973 optut
315 2910 400 2974 equo!
423 2964 427 2969 ,
804 2913 859 2961 Sst.
872 2926 891 2961 r.

262 2991 309 3037 122
329 2989 471 3052 eumcum]
493 2991 556 3038 Tcnr
569 2988 764 3039 sffsbceststus
836 2986 938 3053 Deficit]
967 2988 1069 3050 Legunt
1079 2985 1167 3051 siiqni,
1177 2987 1341 3051 dejicimur-⁸

230 3061 317 3113 efficto
336 3071 386 3127 est,
404 3074 433 3115 ut
451 3067 543 3116 hostile
563 3067 634 3132 quod
650 3068 764 3116 intentat
804 3078 903 3128 peram,
915 3076 944 3113 ut
955 3063 1066 3113 videtur.
1219 3074 1226 3080 ·

230 3156 261 3191 ac
282 3142 402 3206 minatur,
414 3142 534 3194 videatur
553 3151 675 3207 tremere,
688 3144 764 3193 adeo·
839 3142 981 3190 Exitusiic
998 3146 1033 3190 cst
1054 3141 1167 3206 rongiuz]
1198 3142 1236 3190 Ut
1264 3139 1341 3190 Pedo

232 3232 283 3282 que
295 3219 405 3281 curvari,
416 3225 442 3268 et
454 3235 513 3269 mox
520 3221 683 3284 jactandum.
805 3218 950 3282 Mothoque
956 3218 1063 3282 perinde
1070 3217 1342 3281 succrrnrbeutis,dsrn

265 3297 313 3342 128
337 3294 471 3344 Meditutur
496 3296 672 3359 prulioiusco]
705 3296 765 3347 Sive
806 3297 863 3345 vult
874 3309 936 3357 opes
947 3301 1089 3357 ostentare,
1108 3301 1137 3344 ut
1148 3295 1204 3357 plus
1215 3295 1341 3343 lucretur.
1366 3279 1377 3293 ”

218 3377 225 3395 “·
233 3370 302 3436 quod
323 3371 453 3435 obliquum
472 3382 553 3435 caput
572 3375 683 3424 alterum
704 3374 766 3423 dun·
840 3374 888 3418 130
905 3370 1073 3433 Riiuoccuote]
1108 3372 1177 3418 Vsse
1189 3370 1274 3419 oleum
1285 3375 1344 3431 gut·

233 3454 306 3496 taxat
316 3448 419 3496 oculum
432 3448 603 3498 ostendebat:
631 3450 768 3514 sivequod
807 3447 881 3496 tatirn
891 3445 1032 3508 fundente;
1049 3452 1133 3510 guito,
1143 3460 1194 3510 quo
1205 3446 1232 3494 iu
1244 3445 1343 3494 balneis

234 3521 333 3584 effigies
345 3522 480 3572 exhiberet
491 3524 573 3573 virum
584 3526 668 3574 attero
679 3526 767 3574 clnrrso
808 3523 949 3572 utebantur
960 3539 976 3573 e
987 3538 1067 3572 cornu
1079 3522 1146 3571 tauri
1165 3535 1303 3585 pnrrperos,
1315 3529 1343 3570 at

234 3599 309 3647 oculo
320 3598 417 3647 certius
426 3597 507 3648 ictum
517 3599 682 3664 dirigentem.
700 3600 767 3650 Vide
808 3601 903 3649 divites
923 3614 1040 3650 ecornu
1059 3599 1236 3647 rhinocerotis.
1274 3597 1343 3648 Vide

235 3676 311 3724 Pers.
322 3676 376 3722 Sat.
390 3688 407 3722 r.
419 3689 455 3724 rs.
467 3678 507 3724 66.
807 3677 900 3726 Satirae
911 3690 953 3727 ru.
964 3691 1002 3725 vs.
1014 3680 1071 3725 263.
1105 3674 1188 3723 Porro
1198 3674 1344 3724 Rdinoceros

267 3752 315 3799 129
331 3748 372 3798 Sic
385 3749 448 3798 Pedo
464 3750 596 3813 conturbus,
611 3751 664 3816 itu]
697 3753 767 3806 Quo·
808 3767 824 3800 n
835 3752 871 3815 ῥὶν
882 3759 911 3802 et
920 3750 989 3815 κῷας
1000 3751 1107 3812 dicitur,
1125 3750 1221 3798 animal
1233 3749 1308 3798 unius
1318 3749 1345 3798 in

235 3828 304 3877 niam
316 3826 441 3876 diuitibus
452 3827 588 3879 cnrrsidicis
599 3829 716 3893 quumvis
730 3829 767 3877 in·
809 3843 871 3878 nare
883 3844 974 3886 cornu,
984 3834 1014 3877 ut
1023 3828 1060 3876 ait
1073 3827 1171 3875 Plinius
1183 3831 1299 3876 v111.2⁰.
1317 3833 1346 3878 et
1394 3854 1401 3860 ·

235 3903 338 3954 serioris
348 3903 431 3951 meriti
448 3917 547 3952 merces
559 3906 667 3967 amplior
680 3904 767 3954 tribui·
809 3904 920 3954 Diodor.
939 3904 1018 3953 Sieui.
1035 3916 1075 3952 rv.
1086 3907 1110 3952 2.
1129 3902 1174 3951 ubi
1192 3903 1347 3952 rhinocerotis

237 3991 296 4034 tur:
321 3982 380 4030 hinc
392 3982 521 4030 tenuiores
533 3982 654 4031 simulant
664 3998 692 4031 se
707 3997 770 4046 opu·
809 3988 940 4042 naturam,
959 3986 986 4029 et
1004 3978 1035 4026 ad
1055 3978 1207 4027 vincendum
1225 3979 1348 4042 elephan-

236 4062 329 4110 leutos.
364 4059 422 4110 Quo
440 4058 470 4107 fir
489 4064 516 4107 nt
528 4073 580 4107 aere
591 4073 619 4107 se
630 4060 715 4111 alieno
726 4057 771 4107 ob·
812 4062 866 4106 tum
878 4055 1030 4105 industriam
1042 4062 1151 4120 uterque
1164 4054 1290 4106 referunt.

238 4144 325 4189 ruunt.
845 4138 891 4182 131
925 4133 1002 4182 Vesci
1020 4133 1135 4181 lutulenta
1161 4132 1244 4182 boiaco
1263 4131 1346 4194 turdo]

271 4212 348 4276 Pedo]
365 4212 517 4265 causidicos
529 4214 666 4279 quisptam.
812 4211 900 4260 Servis
911 4209 1037 4272 plurimis,
1052 4209 1096 4272 qui
1115 4223 1162 4272 por
1180 4223 1285 4259 coeuosa
1301 4207 1354 4258 do?
