3084 4934
242 336 309 406 728
601 346 636 392 n.
658 341 763 391 suari
790 339 1008 392 ruvnurnrs
1068 351 1071 359 Δ

245 443 412 563 Numina!
435 491 575 557 Lanatis
588 487 786 554 animalibus
801 485 945 550 abstinet
959 484 1067 548 omnis

244 600 378 665 Mensa.
423 594 530 661 Nefas
543 594 612 658 illic
627 593 744 657 foetum
755 589 910 674 jugulare
926 587 1090 669 capellae:
1156 647 1157 650 ,

246 702 411 769 Carnibus
425 698 579 765 humanis
592 697 684 762 uesci
697 696 787 759 licet.
831 690 985 755 Attonito
1001 709 1078 753 oum

245 806 331 872 Tale
346 825 447 891 super
461 821 591 869 coenam
605 800 735 864 facinus
748 801 893 862 narraret
908 793 1030 858 Ulixes

245 1022 386 1073 mamutio
395 1021 497 1071 totalis
507 1018 568 1071 Dii!
585 1020 675 1083 Brutis
684 1017 799 1081 lanigeris
812 1017 914 1081 porcam
924 1013 1026 1075 singule
1041 1025 1140 1061 meare:
1157 1008 1190 1059 idi
1201 1023 1279 1072 cupro
1289 1012 1356 1058 cats-

245 1088 560 1152 ummuoeprolilctuq
571 1085 615 1147 fos
631 1099 692 1135 vero
708 1090 743 1133 est
761 1082 862 1132 bominis
877 1094 971 1130 summ
982 1079 1109 1127 comedere.
1143 1076 1244 1131 Quaado
1257 1074 1358 1137 Ulysses

247 1352 351 1399 ra-ra
362 1348 450 1410 feram
460 1350 663 1402 numera-1³
681 1350 789 1399 aeman
801 1348 856 1397 rau
875 1347 925 1395 turc
943 1345 975 1393 aa
993 1357 1061 1391 aaa
1077 1338 1139 1389 erret
1150 1341 1190 1387 rs.
1222 1334 1356 1384 marruci
1393 1315 1396 1322 ’

246 1418 287 1464 28.
319 1415 429 1464 addatis
439 1420 546 1464 ‘lde-ld
564 1416 663 1471 Quaado
682 1430 752 1478 saper
767 1429 855 1462 corum
871 1416 977 1460 monstro
992 1406 1212 1456 memorareris.
1245 1400 1356 1449 sacrauit

243 1483 288 1529 22.
325 1479 409 1529 [diaes
419 1481 510 1544 recepi
520 1496 553 1529 ex
565 1486 604 1532 17.
616 1486 656 1530 19.
668 1484 708 1529 ab.
720 1484 760 1529 58.
797 1479 888 1542 Ulyses
897 1480 939 1526 23.
950 1479 993 1525 46.
1004 1478 1045 1523 sl.
1075 1472 1161 1534 Vulgo
1175 1468 1278 1531 Ulysses.
1313 1463 1356 1514 Cf.

746 1639 853 1692 NOTAE

249 1772 309 1821 dam
331 1772 399 1821 enirn
419 1774 535 1839 AEgyptii
554 1775 660 1839 lentem,
680 1776 725 1825 alii
743 1774 782 1824 fa·
825 1788 884 1823 oum
903 1772 930 1820 in
949 1771 1089 1835 AEgyptnm
1107 1783 1140 1816 eo
1156 1773 1273 1829 tempore
1292 1759 1362 1810 navi·

248 1848 317 1910 baur,
334 1849 379 1898 alii
396 1864 469 1915 carpe
489 1852 686 1903 reverebantur.
716 1853 782 1903 Dio·
826 1848 972 1915 gossemns!
1351 1883 1353 1892 .

248 1926 304 1977 dor.
316 1927 391 1978 citat.
859 1931 890 1976 13
904 1924 1022 1975 Carnibus
1030 1922 1139 1973 lienosis
1149 1919 1211 1969 sessi
1219 1914 1361 1979 licetlDio

283 2008 313 2055 ll
331 2005 432 2055 lanatis
441 2007 581 2057 animalibus
590 2008 706 2071 abstinet]
722 2008 786 2059 Ovi·
826 2003 883 2053 dor.
902 2004 949 2052 cit.
967 1999 1146 2053 moxloeoitu
1159 1996 1257 2061 pergit:
1275 1992 1362 2041 ‘Pre-

250 2080 298 2131 bus
314 2082 490 2148 abstinebant,
506 2086 627 2151 quoniam
647 2086 686 2136 bis
704 2085 786 2135 edunt
826 2086 914 2129 mente
946 2078 1086 2143 aliquando
1113 2072 1250 2140 ΕεγΡῑῐθῦ
1282 2065 1360 2130 fame,

249 2159 337 2225 smilis,
350 2162 487 2228 lanamque
499 2165 648 2227 praehentes
660 2164 731 2213 vario
743 2179 785 2213 ac.
827 2158 891 2206 adeo
904 2161 932 2205 ut
943 2158 1031 2219 plul't’s
1050 2153 1083 2203 ab
1097 2152 1209 2200 humana
1219 2161 1310 2207 elll'lle,
1326 2143 1360 2193 (lb

250 2238 438 2289 commodatam
458 2242 525 2303 usui,
542 2241 584 2290 lac
605 2247 735 2304 praeterea
746 2256 786 2290 ca.
825 2235 938 2298 lnoplalll
948 2233 1000 2283 Clbl
1017 2246 1067 2281 non
1084 2230 1254 2287 abstinerent,
1268 2224 1364 2272 dilima-

251 2329 376 2380 seumque
388 2316 564 2380 suppeditant.
584 2317 694 2367 Diodor.
825 2313 861 2361 lia
867 2327 942 2363 saera
952 2310 1056 2362 omniuo
1068 2309 1166 2357 intacta
1178 2300 1323 2366 reliquere.’
1353 2355 1355 2360 ,

284 2394 316 2440 la
329 2390 785 2459 chnsillisfoelsmjagulureospelloe]
859 2390 971 2440 Attonito
992 2404 1046 2438 cum
1067 2388 1125 2446 tute,
1152 2382 1206 2447 ilfi]
1234 2377 1362 2443 E'‘eml)¹⁰

251 2466 335 2517 Paulo
355 2473 417 2518 ante
437 2469 492 2518 dixi
514 2485 619 2534 capram
641 2470 786 2539 illendesiis
826 2469 943 2519 ostendit
954 2476 981 2517 et
993 2467 1107 2516 illustrat
1120 2478 1177 2528 qum
1189 2459 1257 2509 dixit
1272 2457 1305 2507 de
1318 2458 1363 2507 im·

252 2551 331 2610 atque
341 2545 442 2594 bircam
452 2546 563 2596 adorari.
587 2547 642 2597 Cio.
663 2549 741 2597 Ture.
758 2561 786 2597 r.
826 2550 895 2599 mani
905 2547 1086 2613 AEgyptiornm
1098 2541 1263 2593 crudelitate.
1352 2585 1356 2592 .

252 2637 278 2671 n.
295 2626 337 2672 78.
356 2623 478 2672 ‘Morem
490 2622 671 2688 AEgyptiorum
682 2625 787 2690 quisig-
860 2630 892 2676 14
910 2628 1030 2676 Notescet
1054 2622 1138 2671 Ulixes
1152 2613 1263 2678 Alcinoo]
1286 2613 1362 2678 Ulys·

178 2764 180 2768 .
252 2699 346 2748 norst?
359 2700 463 2749 Horam
482 2700 588 2750 imbutae
608 2709 787 2751 monteserro·
818 2719 868 2753 ‘ses
890 2715 986 2765 nempe
1008 2696 1148 2761 naufragus
1166 2693 1199 2744 ad
1222 2694 1367 2761 Corcyram,
1407 2705 1408 2708 ’

252 2773 323 2823 ribos
346 2775 489 2839 quamlibet
519 2775 693 2826 carnificinam
716 2778 786 2841 prius
827 2780 941 2829 Insulam
953 2778 1079 2827 enatavit.
1114 2774 1187 2822 laea
1203 2776 1257 2820 tum
1275 2781 1365 2831 regna·

252 2850 389 2916 subierint,
408 2866 483 2916 quam
503 2852 571 2915 Ibin,
592 2860 637 2902 ant
658 2853 786 2917 aspidem,
828 2859 872 2908 bat
892 2857 1017 2906 Alcinous
1034 2855 1173 2903 Phaeacum
1191 2850 1257 2898 Res.
1277 2846 1364 2911 Hujus

253 2934 301 2978 aut
311 2925 399 2991 felem,
408 2937 453 2978 aut
464 2938 618 2995 canem‚aut
629 2932 790 2981 crocodilum
830 2934 883 2984 filia
903 2932 1033 2983 Nausicaii
1052 2929 1149 2979 nodum
1167 2934 1194 2976 et
1205 2931 1328 2991 egentem
1337 2923 1364 2972 in

251 3006 366 3058 violent:
396 3023 504 3073 quorum
522 3009 625 3059 etiamsi
640 3010 789 3075 impruden·
828 3012 916 3062 littore
934 3009 1055 3073 Ulyssem
1069 3006 1177 3069 invenit,
1197 3004 1306 3070 ejusque
1321 3001 1365 3051 mi·

253 3089 293 3133 tes
314 3085 446 3150 quidpiam
468 3085 592 3151 fecerint,
613 3103 715 3152 poerram
732 3089 790 3138 uul-
829 3094 898 3137 serta
908 3086 941 3135 ad
953 3092 1054 3149 putrem
1070 3081 1211 3146 perduxit:
1229 3094 1307 3144 aquo
1322 3077 1365 3134 be,-

252 3161 302 3212 lam
313 3163 452 3214 recusenl.'
466 3165 579 3215 Diodor.
589 3166 662 3215 citat.
670 3180 704 3217 rr.
714 3171 739 3217 d.
750 3167 788 3216 ita
829 3165 907 3229 aigne
915 3169 1044 3228 exceptus
1051 3162 1119 3211 inter
1129 3158 1283 3211 coenandum
1294 3171 1367 3208 enar·

253 3239 350 3290 refert:
368 3242 416 3291 ‘Si
434 3241 492 3305 qais
512 3243 659 3292 animalium
679 3243 788 3292 istorum
830 3245 898 3295 ravit
916 3244 961 3293 ille
980 3255 1040 3291 suos
1056 3240 1089 3289 ab
1100 3238 1173 3288 annis
1183 3243 1285 3301 septem
1295 3249 1366 3285 erro·

254 3316 359 3381 aliquod
371 3317 507 3381 occiderit,
514 3325 598 3368 morte
609 3318 790 3370 damnatur.—
830 3340 914 3375 resae
926 3325 1045 3375 labores:
1060 3318 1277 3387 quemadmodum
1289 3332 1305 3366 a
1316 3316 1367 3365 Po·

254 3392 382 3457 Adeoque
401 3400 501 3481 urentes
525 3394 656 3444 bominum
675 3396 790 3459 pervasit
830 3402 952 3466 lypbemo
974 3400 1102 3464 cyclope,
1119 3403 1198 3461 atque
1221 3394 1367 3458 Autipbate

254 3483 286 3519 ea
298 3475 460 3533 superstitio,
471 3477 500 3519 nt
512 3486 563 3536 quo
575 3477 691 3536 tempore
700 3472 790 3524 Ptole·
830 3481 1029 3543 Lestrygonum
1047 3477 1121 3540 Rege
1148 3470 1369 3536 sntbropopbagis

252 3560 335 3595 mus
348 3547 405 3595 Rex
416 3561 432 3595 ἃ
443 3548 565 3597 Romanis
581 3550 665 3599 sotius
683 3556 712 3599 et
729 3550 791 3600 emi·
829 3555 933 3621 quidam
953 3570 968 3605 e
990 3555 1042 3602 siris
1058 3551 1176 3602 devorati
1195 3555 1300 3599 essent:
1317 3551 1367 3597 &a

255 3638 302 3674 ens
322 3624 407 3686 dictus
427 3631 477 3711 est,
495 3627 714 3690 applaudentibus
735 3629 791 3692 qui·
830 3633 939 3682 Homer.
952 3630 1048 3695 Odyss.
1057 3634 1082 3679 6.
1098 3633 1154 3680 aa.
1166 3633 1207 3677 lt).
1223 3627 1296 3676 'l'alia
1306 3637 1367 3674 vera

196 3748 203 3761 ,
254 3701 315 3789 dem
326 3701 466 3787 AEqyptirs,
478 3701 610 3767 italosque
622 3704 740 3754 studiose
748 3719 791 3753 ex·
831 3709 876 3756 illo
893 3706 1026 3758 referente
1042 3706 1140 3771 (inquit
1158 3701 1307 3767 luvenalis)
1326 3715 1368 3751 ue·

255 3778 421 3842 cupientibus,
438 3785 525 3828 tamen
542 3794 600 3829 oum
619 3782 792 3845 quidamRo·
832 3786 1006 3835 orrmbentinm
1017 3784 1156 3833 Phaeacum
1166 3781 1272 3847 quidum
1281 3779 1368 3830 ridere

255 3869 346 3904 manus
369 3851 448 3903 felem
475 3855 660 3919 interfecisset,
681 3858 714 3916 ad
736 3859 791 3923 ejus
831 3859 960 3924 fabulosa,
971 3861 1016 3910 alii
1027 3874 1119 3908 vanum
1130 3864 1318 3907 ostentatorem
1330 3855 1367 3904 in·

256 3931 359 3980 domum
379 3945 503 3980 concursu
517 3933 600 3996 plebis
616 3931 697 3998 facto,
707 3950 792 4001 nequo
832 3937 944 4002 dignari,
960 3952 991 3987 ae
1007 3936 1095 3985 dicere
1106 3936 1149 3986 vel
1165 3935 1281 3998 cogitare
1297 3929 1367 3998 apud

256 4023 272 4055 a
285 4008 370 4070 Regiis
381 4006 414 4055 ad
425 4007 452 4055 id
464 4008 548 4057 missis
561 4009 738 4075 Principibus,
749 4026 793 4061 ne·
832 4029 876 4063 se:
902 4014 1030 4064 bunociae
1048 4011 1222 4063 fabulatorem
1240 4024 1318 4059 nemo
1341 4007 1368 4057 iu

256 4097 307 4148 que
318 4082 494 4132 Romanorum
516 4083 608 4134 timore
627 4088 794 4137 absterreria
833 4106 905 4141 mare
916 4091 1024 4155 abjicit?
1045 4090 1204 4154 Charybdim
1225 4088 1303 4152 fingit
1320 4085 1368 4136 fal·

258 4176 334 4224 peena
344 4161 454 4247 bortrinis
464 4165 607 4226 potuerint.
642 4166 726 4236 Quam
738 4182 793 4217 rem
833 4183 898 4231 sam,
909 4177 937 4219 at
948 4183 1010 4218 aera
1018 4173 1059 4217 est
1069 4167 1162 4232 dignus
1179 4168 1246 4233 ipse,
1257 4180 1308 4231 qua
1325 4164 1368 4216 ab

258 4252 309 4286 uon
331 4237 421 4287 auditu
449 4240 612 4302 percepimus
641 4242 688 4290 sed
718 4245 793 4306 risu3
833 4248 1108 4312 sorptuspereat,&e.
