3084 4934
261 374 327 443 818
613 391 723 442 noun
748 391 949 442 ventosum
973 392 1014 442 m

259 535 364 585 troicus
390 532 548 600 vestigium!
583 533 798 600 Apul-Bonita]
835 532 954 594 donnus
964 535 1092 599 porturis.

261 612 456 677 i.e.Scipiouc.
866 615 899 661 ⁸2
916 612 1038 676 Elrniesr]
1068 613 1368 675 Clemeneutlscunse

294 693 328 739 29
354 687 572 751 Cedonssputrio]
603 685 797 736 Aenbttedic-
834 687 992 739 fossarumve
1003 690 1102 753 sordes,
1113 688 1145 739 ed
1157 704 1221 756 ques
1232 688 1368 740 siccandss

262 773 327 819 tum.
366 763 616 829 Nonpotrioediclt:
633 778 692 813 nom
704 764 796 827 petrice
834 773 863 815 et
880 765 1077 827 exhauriendus,
1094 767 1146 830 ipsi
1163 781 1226 831 quos
1244 764 1370 816 volebant

263 843 344 905 cedit,
356 842 400 907 qui
412 855 468 891 eam
479 835 600 890 intestam
619 847 647 890 et
666 834 797 889 inimicius
834 842 985 894 tenuissime
994 844 1114 894 mercede
1124 851 1263 893 contentos
1280 843 1370 893 mitte·

259 918 359 981 beben
381 918 523 983 patrimoni
536 923 629 982 sponte
641 916 695 966 snit
706 916 797 966 etdis·
835 921 915 981 bent;
933 935 993 970 cum
1003 935 1110 985 mugnos
1124 920 1176 983 ipsi
1192 932 1225 969 ex
1237 921 1285 971 lioc
1302 935 1371 970 sese-

263 997 469 1059 cedit.·-Vioost
480 996 595 1047 ,smnus
603 995 724 1059 illinlfn]
742 997 797 1045 De·
835 1003 975 1063 querentur
998 997 1299 1061 reditun-Puermu,
1314 997 1370 1062 en]

262 1074 360 1125 latores
393 1073 507 1138 pessimi,
539 1072 638 1122 sordidi
671 1072 796 1121 heroides.
834 1075 917 1125 Erant
927 1074 996 1124 enim
1006 1072 1105 1124 funeris
1115 1075 1246 1125 locatores
1261 1083 1292 1124 et
1308 1089 1370 1124 con·

264 1149 381 1209 Damnst
393 1149 482 1199 urbem
492 1148 645 1208 Umbritius‚
654 1148 721 1211 quood
731 1148 798 1211 ejus·
834 1151 965 1203 (lectores.
998 1151 1262 1217 Buetsmqusslbene
1275 1157 1371 1216 ustum,

262 1226 333 1279 modi
344 1225 506 1286 Gnathones,
517 1231 670 1287 sectatores,
681 1231 709 1275 et
727 1239 797 1274 essc-
834 1229 907 1278 lecus
925 1229 955 1280 in
970 1244 1022 1294 qno
1041 1235 1157 1278 mortuus
1175 1228 1371 1277 combustores

264 1304 330 1369 clas,
345 1311 373 1354 et
383 1311 507 1354 extremos
518 1302 595 1353 sortis
613 1301 752 1351 nebulones
763 1301 797 1351 sd
835 1305 1014 1369 sepultusest.
1046 1305 1180 1354 Ustrinsm
1197 1315 1259 1368 ergo
1275 1304 1371 1354 intelli·

264 1396 374 1431 summes
402 1380 505 1430 divitias
530 1381 656 1431 evexerit.
688 1379 799 1429 Idem-
836 1381 884 1446 git,
895 1381 940 1431 ubi
952 1382 1081 1432 cederem
1090 1383 1283 1432 cremabuntur.
1310 1382 1370 1434 Quo

263 1457 451 1522 Artemonis]
466 1455 798 1520 lgnobilesetsordidi,ec
836 1458 905 1508 servi
937 1459 1040 1509 illornm
1071 1459 1214 1524 pertubant
1241 1458 1370 1509 sudavere

264 1537 339 1601 malis
355 1535 455 1584 ortibus
474 1534 591 1582 uiuentes
612 1533 736 1595 homiues,
753 1535 798 1597 qui
836 1536 1021 1587 comburenda.
1054 1536 1140 1587 Ludis.
1152 1537 1318 1586 -Porlnsdo
1339 1536 1371 1584 ud

265 1629 298 1677 ex
311 1613 422 1664 sordidis
440 1613 515 1663 rebus
534 1611 628 1662 divites
646 1618 707 1661 sunt
724 1610 798 1662 lecti.
837 1612 918 1676 lesu]
950 1613 1119 1664 Libitinarius
1142 1613 1268 1678 designet.
1303 1611 1371 1660 Nem
1399 1608 1407 1621 ⁰

268 1688 389 1746 Vetdclr.
837 1689 864 1738 in
876 1689 1377 1754 temploLibitinseeorendisolebetst‚·

298 1770 330 1817 ³⁰
355 1766 405 1821 Qui
421 1765 526 1828 sigeum,
544 1764 597 1828 iro]
638 1765 681 1814 De
704 1764 800 1814 talibus
838 1781 896 1830 qne
916 1766 949 1815 sd
967 1766 1144 1831 sepeliendum
1163 1773 1293 1816 mortuum
1309 1764 1373 1814 lois·

266 1843 378 1894 Ovidius
388 1845 472 1892 disis:
490 1845 497 1871 ⁶
512 1843 564 1895 Qui
574 1842 662 1891 lacere
672 1849 800 1904 assueret,
837 1847 896 1891 sent
905 1844 1060 1894 necessario.
1080 1843 1177 1893 Brituu.
1210 1843 1283 1892 Setvl
1295 1841 1374 1892 libiti-

266 1919 359 1985 potrire
372 1935 421 1969 uon
431 1919 547 1982 degener
558 1918 629 1977 ortis,
638 1917 755 1968 Candide
766 1919 800 1967 de
838 1921 969 1971 nsriorusn
987 1928 1063 1972 erunt
1081 1923 1256 1986 pollinctores,
1273 1920 1318 1986 qni
1331 1932 1373 1969 se·

266 1998 359 2063 nigris,
369 1997 440 2048 etde
452 1997 623 2046 candentibus
639 1995 714 2045 stra)
747 1996 801 2048 Qui
840 1992 983 2062 pellebant.
1016 2001 1125 2048 Boletum
1143 2011 1213 2048 nunc
1227 1996 1376 2047 diciturse-

266 2074 538 2132 rirtutemioritium‚
556 2079 583 2121 et
603 2072 730 2121 vitiumin
749 2073 800 2121 vir·
839 2074 1159 2138 pulcrum—Simiou
1184 2072 1298 2136 sienim]
1336 2073 1374 2123 Ut

267 2157 478 2204 tutemvertunt.
516 2150 802 2214 SicquePodteosten·
838 2154 936 2218 publici
946 2152 998 2203 funi
1008 2155 1133 2205 eloecent.
1170 2153 1223 2203 Vel.
1236 2152 1291 2203 dcl.

267 2230 318 2293 dit,
326 2230 380 2278 tole
391 2244 471 2292 genus
482 2226 611 2277 hominnm
623 2227 722 2290 gratius
733 2242 801 2277 esse.
871 2233 903 2281 tt
929 2232 966 2280 Et
979 2231 1094 2295 predere,
1110 2230 1162 2294 tyn]
1195 2231 1275 2280 Varie
1295 2228 1374 2280 seriis

267 2305 345 2367 Unde
367 2311 395 2357 et
416 2307 525 2355 Terent.
547 2305 573 2353 in
596 2304 701 2354 Phorm.
732 2304 802 2354 ‘His
839 2307 1006 2371 explicentur
1027 2310 1090 2358 hoec.
1132 2308 1187 2357 Ant
1215 2309 1275 2373 quin
1303 2307 1374 2357 ouidi

269 2385 381 2448 pretium
406 2399 474 2433 nuuc
498 2383 611 2448 est,.qui
630 2389 704 2432 recte
721 2397 803 2447 preve
839 2386 906 2435 lucri
918 2393 989 2449 sunt,
1008 2391 1037 2435 ut
1055 2398 1082 2435 se
1100 2387 1206 2436 uenales
1224 2384 1375 2435 exhibeant.

267 2457 537 2523 iaciunt.’-ngrum]
558 2459 640 2522 Vitia,
651 2458 726 2522 feles,
736 2459 804 2509 mela
840 2462 883 2513 Sic
903 2462 1012 2512 Plautus
1030 2462 1209 2512 Mostellaria:
1233 2461 1304 2511 ‘Ubi
1322 2461 1376 2524 isti,

269 2539 395 2603 intellige.
433 2539 508 2587 Bone
525 2537 591 2587 enim
609 2545 714 2588 veteres
733 2537 804 2601 albo,
842 2537 885 2604 qui
897 2538 975 2587 trium
987 2552 1147 2587 nummorum
1166 2552 1245 2588 censs
1261 2537 1375 2587 subeunt

269 2614 621 2683 uelcsndidolnpillo‚mela
638 2615 712 2681 nigro
730 2625 804 2669 notu·
840 2616 888 2665 sub
907 2614 997 2664 hostel
1030 2614 1085 2665 Aut
1102 2615 1163 2680 qnia
1181 2615 1306 2665 solvendo
1324 2626 1375 2663 son

268 2693 342 2743 bant.
382 2692 507 2743 Persius:
533 2692 608 2740 ‘illa
627 2692 699 2754 prius
718 2700 804 2760 crete,
841 2698 911 2755 sunt,
931 2706 959 2741 se
981 2692 1060 2741 etiem
1085 2692 1163 2742 vendi
1183 2690 1231 2741 sub
1251 2691 1328 2741 besto
1349 2691 1375 2740 ltt

269 2783 329 2818 mox
340 2769 395 2818 hoec
405 2769 517 2818 carbone
527 2767 642 2820 notasti!
674 2770 710 2818 Et
719 2770 805 2819 Horo·
842 2769 1029 2832 suctioneputi
1042 2775 1159 2832 possunt.
1198 2764 1377 2817 sierttmtm

220 2872 222 2879 ·
270 2844 321 2895 tius
339 2845 475 2894 domolo:
501 2845 803 2908 ‘Hionigeremtmnc
842 2844 911 2894 Λᾶν.
933 2858 961 2894 x.
982 2849 1023 2894 st.
1067 2844 1122 2894 Aut
1141 2843 1263 2908 denique,
1283 2844 1376 2910 qulbus

270 2931 299 2973 tu
317 2924 432 2973 Romane
452 2922 563 2972 rareto!
595 2923 805 2991 nullu-Quen]
840 2923 918 2974 focile
938 2929 980 2973 est
1001 2923 1119 2988 prebere
1140 2928 1221 2986 ceput
1242 2934 1377 2972 serrorum

271 2998 326 3053 Pro
337 2998 445 3065 quibust
464 2999 508 3049 alii
519 3000 592 3052 Quis.
841 3002 932 3050 venale
951 3000 1000 3050 sub
1018 3001 1109 3050 hoste:
1135 2999 1244 3064 rel-qui
1264 2999 1377 3062 publicis

302 3082 333 3128 et
351 3076 448 3141 AEdcm]
472 3078 570 3126 Locum
589 3091 691 3126 socrum
709 3076 805 3127 condu-
841 3077 1036 3127 uenditlonibus
1069 3084 1193 3140 praesunt,
1225 3076 1270 3139 qui
1296 3075 1377 3125 facile

271 3168 341 3217 cere,
358 3160 386 3204 et
404 3155 485 3204 sacris
503 3169 593 3204 monus
609 3153 745 3212 admoliri3
762 3157 804 3205 uel
842 3152 1026 3218 prefecturam
1037 3153 1147 3218 publice
1155 3149 1312 3201 venditionis
1320 3165 1379 3215 pos-

270 3233 386 3294 intellige
406 3233 474 3295 ipses
498 3231 650 3294 publicanos
669 3230 759 3293 luisse,
777 3240 805 3282 et
842 3237 903 3280 sunt
915 3230 1060 3297 acquirere,
1068 3236 1097 3279 ct
1105 3236 1185 3294 capnt
1195 3229 1264 3278 servi
1277 3228 1378 3278 venem

270 3307 653 3373 peraedem‚temptorumloce,
672 3309 714 3357 vel
726 3323 804 3372 egros
842 3307 890 3357 sub
910 3307 985 3356 hoste
1005 3305 1110 3355 domine
1131 3304 1260 3369 praebere,
1281 3318 1377 3354 venurn

271 3385 396 3449 intellige,
415 3387 457 3449 qui
470 3385 555 3448 magud
566 3384 728 3434 constabant.
760 3386 804 3435 ΙΕ-
842 3384 997 3447 expmitum.
1048 3381 1124 3433 Quod
1148 3381 1267 3430 ultimum
1293 3382 1376 3446 magis

271 3459 318 3521 des
330 3461 353 3509 in
366 3462 487 3524 singulari
500 3476 547 3525 pro
557 3462 664 3524 templo,
674 3461 700 3509 in
712 3461 805 3525 plurali
843 3459 966 3524 probetur
979 3475 986 3508 z
1015 3472 1074 3508 num
1096 3460 1213 3522 superius
1236 3458 1269 3508 de
1292 3459 1378 3523 hujus·

273 3536 305 3587 de
317 3537 392 3586 domo
404 3547 430 3585 et
442 3537 538 3600 templo
556 3536 720 3602 intelligitur.
749 3538 805 3588 Ser·
843 3536 912 3586 modi
938 3535 1032 3585 officiis
1058 3536 1160 3584 locstrm
1188 3534 1379 3602 esc-Burro]

272 3611 490 3676 eius.-Flumiuo]
518 3613 702 3679 Integrtnquae
713 3614 805 3678 majori
843 3612 909 3662 Cum
937 3612 1042 3675 publica
1068 3611 1188 3661 suctione
1212 3611 1378 3662 vendebatur

272 3697 364 3753 postes
373 3691 459 3752 pretio
478 3690 534 3740 eliis
551 3692 685 3739 locuntur:
712 3706 805 3756 equam
843 3689 950 3753 aliquid,
960 3689 1036 3738 heuto
1046 3686 1091 3752 figi
1104 3688 1223 3747 solebnt3
1247 3689 1378 3752 quaesitio

272 3768 400 3829 uenelem,
421 3769 462 3817 vel
484 3783 499 3818 e
518 3766 663 3817 fluminibus
682 3768 806 3817 vectoriis
843 3767 960 3816 deminum
976 3772 1061 3828 vocet,
1071 3765 1142 3831 qnod
1152 3767 1200 3816 snb
1210 3767 1293 3816 bostro
1305 3764 1378 3831 qussi

272 3844 380 3893 lucrum.
398 3845 673 3894 Forsan-Conclusae
681 3845 757 3908 port]
774 3845 806 3895 Id
844 3845 953 3893 arbitrio
976 3845 1045 3895 servi
1073 3853 1229 3909 emerentur,
1251 3852 1280 3896 et
1302 3844 1379 3910 cujus

273 3926 323 3982 est,
335 3922 447 3985 portoria
460 3923 595 3983 redimere,
606 3937 663 3985 quse
684 3923 806 3986 portitori
845 3922 969 3985 potestati
995 3929 1024 3973 et
1050 3922 1158 3985 imperio
1181 3923 1267 3972 emnia
1292 3925 1379 3971 essent

272 3996 398 4060 inportu
424 3999 567 4059 solvuntur,
585 4013 634 4061 pro
658 3998 806 4061 importatis
845 4000 964 4063 subjecte
981 4000 1009 4048 in
1028 3999 1189 4049 venditione„
1222 4000 1292 4049 Vide
1308 3999 1378 4051 Bris-

274 4081 319 4124 sut
336 4076 478 4138 exportatis
495 4076 633 4125 mercibus.
674 4076 807 4125 Britan-
844 4090 899 4125 son.
912 4075 1054 4126 Permulnr.
1068 4078 1085 4125 l.
1098 4090 1136 4126 vt.
1163 4077 1375 4141 Hypsllsgeest:

230 4146 236 4156 ’
274 4151 372 4215 Portus]
405 4152 547 4216 inquibus
570 4168 650 4203 naves
669 4154 807 4216 vectigalis
845 4154 913 4217 qnod
925 4154 971 4202 snb
983 4167 1014 4202 eo
1024 4155 1096 4202 truste
1110 4153 1135 4201 in
1147 4157 1300 4204 servitutem
1312 4151 1378 4202 redi·

274 4234 302 4276 et
341 4227 451 4292 pretium
488 4228 607 4278 stationis
645 4230 807 4292 persolvunt.
845 4241 969 4295 gerentur
992 4231 1110 4294 dominis,
1128 4231 1224 4282 idcirco
1249 4231 1376 4281 dominere

276 4303 420 4368 Grsngaeus
437 4304 558 4370 iutelligit
576 4311 667 4370 portus
686 4320 809 4370 repersus
845 4322 903 4358 erm
912 4309 1036 4374 appellet.
1071 4309 1313 4374 Grata-*Domine
1325 4303 1378 4372 dn]
