3084 4934
518 389 709 443 rursusi.
729 389 813 440 ser.
835 390 892 440 ιιι.
1193 369 1261 438 849

153 538 208 604 tc]
221 536 282 589 rire
291 542 379 589 sutem
392 537 504 600 ιιιιίιίιιι,
513 536 532 588 i.
543 551 567 586 e.
585 537 689 601 ignarus
725 534 885 585 tenentium
895 539 974 600 caput
984 532 1027 586 vel
1043 530 1179 586 cerebrum
1195 530 1260 587 ierit

155 621 184 680 et
195 615 304 666 nescius
323 614 417 665 inferni
435 614 575 678 moris,vel
594 613 628 662 de
645 626 690 661 no·
705 640 709 647 -
726 618 755 662 et
765 612 1076 679 pereutit—Seblimibrss]
1090 611 1261 665 Neminem·
1307 628 1311 635 ·

153 707 188 743 vo
199 693 258 757 jem
268 708 358 744 recens
368 692 503 753 accedens,
512 706 570 740 cum
582 689 689 740 horrore
726 688 826 738 usculis
837 687 887 752 ipsi
897 687 1118 753 tectoreltegulis
1128 687 1262 755 proximis,

153 777 293 835 exspectet
321 770 466 821 terribilem
497 776 526 818 et
552 768 688 817 immanem
726 767 846 833 inquilini
856 768 1019 819 babitabant.
1035 769 1111 819 Idem.

152 849 310 912 portitorem
320 856 348 898 et
358 853 563 899 transvectorem
575 849 688 900 Clrerou·
757 848 807 894 276
820 842 902 907 l'cstc]
915 844 973 895 Hoc
982 845 1104 910 loco‚pro
1113 842 1261 910 fragmento

156 930 219 975 tem.
237 926 312 975 Idem.
725 920 769 985 sit,
779 921 844 971 elios
863 923 943 972 etism
953 921 1008 986 ipsu
1023 937 1085 973 vsss
1102 923 1261 988 integrmsic

160 1022 173 1039 -·
186 1005 237 1052 266
253 1000 395 1064 Portlrrseo]
420 1001 593 1052 Accusativus
613 1003 688 1053 Grae-
725 998 994 1049 vocentur—Rima
1010 996 1078 1062 osso]
1105 998 1129 1051 Ι.
1140 1014 1165 1049 e.
1183 1003 1263 1065 mpts

154 1091 201 1127 cus
224 1092 240 1126 6
260 1076 384 1142 πορθμεὺς,
407 1077 475 1142 quod
502 1093 556 1129 nou,
574 1080 688 1130 corisum
726 1076 830 1141 quidem
849 1082 877 1126 et
893 1074 964 1139 fisse,
980 1076 1120 1126 redsdbuc
1131 1076 1262 1126 cobseren-

152 1151 204 1204 boo
221 1154 279 1204 loeo
297 1153 438 1218 significat,
456 1159 486 1204 ut
507 1155 611 1221 qnidam
623 1156 690 1206 urbi·
725 1150 893 1215 tiu-Curta]
931 1151 953 1203 Ι.
976 1168 1000 1203 e.
1019 1153 1138 1203 mutilutu
1159 1160 1187 1204 et
1202 1153 1262 1219 jtnt

154 1229 230 1293 truti,
246 1229 291 1280 sed
302 1230 457 1294 portitorem
470 1230 635 1294 charontem,
646 1231 690 1297 qni
725 1225 943 1291 transsumam
976 1229 1093 1279 Lubinns
1112 1229 1187 1293 dicit,
1204 1229 1263 1280 sine

154 1306 254 1357 animas
265 1305 498 1358 transferet—Nec
507 1308 598 1372 speret]
621 1310 690 1361 Quis
725 1303 806 1354 fnudo
822 1310 852 1354 et
867 1305 1043 1356 mss.-Usre
1058 1311 1129 1369 terto,
1146 1304 1200 1370 isc]
1227 1304 1262 1356 Id

153 1384 282 1435 inhumati
292 1399 344 1434 non
355 1384 530 1436 credebantur
541 1386 634 1450 trajici,
643 1385 690 1436 sed
726 1386 776 1445 est,
787 1387 891 1446 quante
912 1381 940 1430 iu
959 1373 1063 1432 excelso
1082 1389 1143 1432 sunt
1159 1383 1262 1445 insulse,

154 1464 310 1510 ludendos
331 1475 435 1511 errare:
469 1462 563 1512 deinde
583 1463 689 1513 naulum
726 1456 772 1523 (an
780 1458 874 1508 insidier
882 1455 907 1524 f)
915 1460 958 1510 vel
969 1474 1046 1525 quem
1054 1459 1193 1510 admodum
1200 1472 1262 1512 cou-

154 1550 209 1587 uon
228 1537 356 1587 babebat:
381 1538 689 1603 ergositipsumuavem
721 1535 824 1599 juncta.
846 1535 963 1587 Verres
1040 1564 1046 1575 ·

154 1622 208 1664 nou
231 1630 347 1678 sperare,
370 1629 421 1679 que
440 1615 591 1679 trajiciatur.
616 1615 694 1680 Virga
758 1616 806 1662 271
825 1612 929 1675 Quarto,
950 1611 1002 1676 636]
1038 1613 1083 1663 Ita
1105 1612 1179 1677 dicit,
1202 1612 1263 1679 quit

155 1692 258 1742 AEueid.
270 1692 448 1755 vr.—Coerrosr‘,
458 1692 512 1756 tre]
535 1694 635 1756 lutosi,
645 1693 692 1741 im·
726 1692 807 1742 moles
816 1691 863 1740 illu
871 1689 1025 1742 frivolorum
1038 1706 1167 1754 vesorum,
1178 1691 1205 1741 iu
1216 1705 1263 1757 ps·
1306 1704 1313 1727 ι

147 1769 258 1833 muudi,
267 1767 330 1818 foedi
339 1768 411 1818 fluvii
420 1768 576 1819 Acherontis
583 1771 692 1835 velsty·
726 1767 870 1817 rimentum
879 1767 995 1818 silicibus
1007 1775 1120 1823 stratum
1131 1769 1264 1834 decidens,

157 1844 339 1910 gis—Alsum]
365 1845 491 1910 Cymbsm
509 1845 691 1896 Cbsrontisex
726 1858 795 1907 pene
817 1842 916 1893 silicem
938 1844 1083 1909 frangebat,
1105 1846 1148 1895 vel
1170 1845 1265 1899 saltem

157 1922 225 1971 elno.
274 1922 523 1986 idem—Porthmos]
572 1923 692 1973 Carinum
726 1936 847 1985 magnum
864 1921 1002 1986 vestigium
1023 1922 1050 1971 ln
1066 1922 1117 1971 illis
1133 1921 1263 1987 relinque·

157 1996 327 2047 Porthmeum
337 1998 404 2048 dicit
422 2013 474 2048 nou
494 2005 629 2064 angustum
642 2007 693 2050 tro·
727 1997 782 2047 bet.
817 1997 861 2048 Ob
873 1997 900 2047 id
910 1998 958 2061 sit,
968 1997 1071 2060 signem
1087 1998 1181 2049 Lubiu.

152 2073 263 2137 jectum.
285 2074 404 2124 7666616.
760 2078 809 2124 272
825 2075 907 2125 Possis
916 2073 1027 2138 mous]
1055 2074 1086 2124 Id
1098 2083 1148 2138 est,
1159 2075 1208 2129 'lui
1219 2088 1265 2126 ne·

190 2155 239 2201 267
257 2152 333 2207 Qvem
346 2153 471 2216 porrigat]
497 2154 631 2219 Cbsrouti,
649 2154 694 2204 sti·
729 2150 940 2216 gligeus‚psrum
959 2150 1099 2201 industrius
1117 2157 1145 2200 et
1154 2151 1263 2201 circum·

158 2243 218 2293 pem
240 2230 280 2278 vel
300 2229 413 2294 naulum,
430 2231 544 2299 pretium
558 2233 693 2297 trajectos.
729 2237 837 2293 spectus
849 2233 939 2282 Romae
951 2232 1045 2281 merito
1062 2231 1154 2281 baberi
1171 2230 1265 2294 possis,

158 2306 322 2369 -lliesteon
343 2308 396 2371 tro]
422 2306 456 2356 Id
478 2315 527 2372 est,
546 2308 695 2358 nonhabet
730 2308 752 2356 si
763 2313 889 2359 nocturno
909 2315 1027 2373 tempore
1047 2308 1145 2370 Romu,
1159 2308 1193 2357 ud
1211 2321 1265 2358 coe·

157 2383 264 2432 tertiam
280 2382 342 2432 assis
361 2390 471 2447 purtem,
491 2400 567 2449 quam
578 2399 634 2448 ore,
645 2387 696 2451 ipsi
730 2399 790 2434 nem
807 2399 860 2449 666,
879 2393 908 2436 et
919 2386 991 2451 prius
1010 2390 1196 2435 testamentum
1212 2397 1266 2434 nou

160 2459 297 2522 Cbsronti,
308 2461 378 2508 nauli
388 2461 455 2523 loco,
466 2462 596 2512 exhibere.
606 2464 694 2515 Lesbis.
731 2461 837 2525 condes,
849 2469 971 2528 tauquam
982 2463 1130 2513 moriturus.
1138 2462 1223 2517 idern.

106 2591 109 2595 ,
157 2536 303 2601 Grsngaeus
315 2538 450 2602 construit,
461 2539 514 2588 Ner
523 2539 640 2596 labetme
648 2541 694 2590 tri·
762 2541 812 2588 273
829 2538 1020 2601 Etrubiti‚tse.]
1047 2538 1267 2590 Quitelescasus

157 2617 236 2662 estem
254 2628 323 2676 quem
341 2615 544 2677 porriget-Ore
571 2616 696 2694 trientem]
730 2614 879 2667 subitaneos
895 2622 973 2667 entes
993 2629 1044 2664 uon
1061 2613 1204 2677 mediteris,
1220 2612 1266 2678 qui

158 2691 302 2743 Nummum
319 2690 423 2755 stipem.
465 2693 501 2741 Et
527 2707 596 2742 nunc
623 2693 694 2758 apud
731 2696 819 2740 tamen
830 2690 923 2741 Romae
932 2698 993 2745 sunt
1004 2689 1217 2756 frequentissimi.

158 2765 333 2818 Athenienses
354 2768 464 2817 mortuis
487 2770 571 2818 solent
596 2769 622 2820 iu
647 2785 693 2821 ore
761 2771 811 2817 274
826 2766 962 2834 Adesto]
986 2769 1036 2819 Tot
1052 2767 1143 2817 mortis
1159 2781 1267 2831 genere,

158 2859 291 2896 nummum
307 2846 458 2909 immittere,
475 2853 505 2895 ut
516 2847 585 2910 apud
596 2845 693 2897 inferos
730 2847 770 2893 tot
781 2845 896 2907 periculo
905 2862 911 2894 ι
921 2860 980 2895 uum
988 2844 1134 2908 exsingulis
1143 2842 1267 2895 fenestris

158 2937 211 2972 nou
233 2917 355 2987 tanquam
375 2910 466 2986 inopes
492 2929 594 2972 errent:
622 2924 692 2974 nude
730 2921 828 2987 aliquid
846 2923 925 2986 dejici
945 2930 1043 2987 potest,
1067 2923 1137 2989 quod
1157 2928 1268 2987 prseter-

158 2998 262 3051 naulum
273 3000 377 3053 Cbsrou
389 3000 509 3063 accipere
520 2999 637 3050 solebat:
664 3004 693 3049 ut
729 3000 988 3057 euntemmrerimst.
1010 3002 1085 3050 Idem.

158 3076 293 3140 Virgilius,
312 3075 398 3127 ‘Haec
419 3076 501 3128 omnis
513 3090 590 3141 qnam
601 3077 694 3138 cernis,
762 3078 811 3124 276
833 3075 936 3139 Vigiles]
961 3076 993 3125 In
1014 3076 1107 3141 quibus
1127 3075 1267 3125 coeuuculis

158 3151 423 3217 mopsmbumetoque
432 3151 574 3203 turbaest
584 3153 634 3201 Vct.
636 3151 693 3202 Sel.
730 3149 853 3215 mqurlmr
864 3152 948 3202 adlruc
959 3152 1078 3217 vigilent
1097 3153 1172 3202 Idem.
1202 3149 1268 3203 Qui·

191 3233 241 3280 268
258 3225 430 3295 1666676666]
457 3229 565 3283 Recitut
581 3229 632 3278 elis
644 3230 694 3279 Ro·
731 3227 779 3276 bus
796 3227 883 3277 lumen
901 3234 1021 3293 apparet,
1042 3228 1137 3293 vigiliae
1157 3228 1268 3343 siguum.

159 3322 209 3356 mee
228 3307 398 3371 incommodo,
414 3307 483 3373 quod
492 3312 619 3357 nocturno
632 3313 694 3355 tem·
733 3302 830 3366 Grosg.

160 3398 224 3449 pore
235 3399 269 3434 ex
280 3384 411 3434 altissimis
428 3383 550 3435 fenestris
567 3389 653 3445 testae,
666 3387 695 3432 et
762 3384 813 3430 276
832 3380 907 3443 Ergo,
915 3379 969 3444 736]
997 3380 1123 3431 Miserum
1143 3382 1211 3432 enim
1226 3386 1268 3433 est

160 3460 338 3524 pelvesplenre
345 3459 572 3521 immunditiarum
576 3473 628 3508 una
635 3474 695 3509 cum
731 3471 814 3520 orare,
826 3463 855 3505 ut
874 3458 947 3506 urina
967 3463 1013 3507 aut
1030 3457 1192 3507 immunditie
1208 3471 1268 3522 per·

160 3537 254 3586 testis
248 3551 275 3587 ru
288 3536 502 3599 praetereuntium
514 3536 603 3598 cupita
618 3535 695 3609 proji-
732 3532 858 3598 fundaris,
876 3548 909 3582 ue
927 3535 954 3583 iu
971 3534 1120 3584 universum
1130 3533 1267 3584 occideris.

160 3612 404 3685 riantur—Noctis]
437 3612 599 3675 Empbstice‚
629 3611 696 3672 dixit
732 3612 808 3661 Idem.
810 3608 944 3675 -Votrrm]
982 3611 1087 3661 Persius
1119 3618 1180 3660 vote
1200 3610 1269 3660 dixit

159 3690 230 3739 enim
251 3689 369 3753 superins
391 3689 425 3738 de
446 3688 500 3737 diei
517 3687 700 3738 incommodis
730 3705 812 3753 preces
828 3706 936 3750 emoeesr
960 3691 1020 3756 quia
1042 3691 1069 3739 in
1092 3692 1158 3739 votis
1178 3689 1268 3754 pactio

163 3767 252 3817 Lutto.
733 3769 852 3832 quaedsm
873 3768 951 3829 inest,
972 3781 1064 3831 preces
1093 3773 1180 3815 autem
1208 3770 1270 3814 suut

193 3847 243 3893 269
253 3843 439 3908 Quodspotisou,
448 3844 501 3907 tro]
517 3842 550 3892 Id
561 3846 612 3906 est,
619 3844 696 3907 quale
733 3847 791 3895 sine
799 3845 965 3908 obligationis
978 3844 1090 3893 vinculo.

161 3923 189 3967 et
200 3933 275 3982 qnam
296 3920 377 3968 altum
395 3918 506 3982 spatium
518 3933 532 3967 e
545 3917 741 3969 sublimibus
737 3926 814 3977 2,77
835 3922 870 3970 Ut
875 3920 938 4006 siut,
947 3919 1000 3983 dyc]
1026 3921 1147 3969 Fcneslroe
1158 3918 1269 3981 scilicet,

161 3992 523 4057 recrisinterram.1dest‚
539 4000 664 4082 quantum
681 4010 696 4043 e
733 4011 782 4061 pro
792 3997 822 4045 iis
824 3982 885 4061 ,qni
898 4011 913 4045 e
924 3993 1046 4046 fenestris
1065 3994 1217 4058 projiciunt,
1237 4002 1269 4045 ut

162 4071 301 4123 coenacrrlis
312 4077 354 4121 est
372 4072 485 4136 spatium
501 4086 582 4137 usque
602 4071 627 4122 iu
645 4079 698 4122 ter·
734 4074 837 4138 patulas
849 4079 876 4122 et
891 4087 1001 4137 capaces
1013 4072 1101 4136 pelves
1112 4068 1270 4122 effundendo

161 4164 225 4215 runs,
236 4156 336 4199 tautum
348 4156 389 4199 est
398 4147 541 4212 periculum
559 4163 593 4198 ex
609 4149 697 4198 altitu·
735 4155 836 4199 tantum
848 4154 987 4212 evacuent,
995 4162 1027 4196 ue
1038 4160 1089 4196 uua
1099 4145 1180 4196 etism
1197 4145 1270 4209 ipses

163 4225 223 4295 diue
241 4224 447 4283 formidandum:
474 4225 567 4290 quibus
585 4225 698 4275 sublimi·
735 4225 826 4290 pelves
844 4224 976 4288 dejicient.
1009 4224 1061 4273 Vel
1075 4228 1130 4272 ute
1147 4220 1269 4277 fenestris

162 4300 211 4357 bus
224 4303 301 4352 tectis
312 4309 382 4352 testa
392 4301 478 4366 aliqua
489 4301 620 4368 decidens,
631 4317 698 4367 prce·
735 4306 853 4352 stercore
864 4307 965 4353 tautum
977 4298 1150 4367 perfunderis,
1164 4298 1232 4363 quod
1243 4299 1271 4351 iu

228 4384 318 4449 Delpl.
328 4389 353 4434 ct
367 4383 425 4435 Ver.
434 4376 500 4435 Cius}
692 4383 751 4433 Jov.
1145 4383 1161 4429 6
1179 4378 1206 4430 Η
