3084 4934
275 378 343 448 710
628 394 665 442 a.
687 389 793 477 tumr
816 387 1030 442 inveniare

277 540 410 608 Dilexit
421 539 567 617 Thebae,
583 538 613 602 si
626 535 764 603 Graecia
776 555 867 614 vera,
883 534 1099 604 Menoeceus:
1317 536 1383 616 245

277 639 471 729 ln'quorum
484 641 587 707 sulcis
601 640 748 723 legiones
763 637 918 704 dentibus
932 639 1051 723 anguis
1243 625 1247 632 ⁸

275 748 364 817 Cum
379 750 507 833 clypeis
521 750 708 823 nascuntur,
725 751 758 809 et
771 744 905 810 horrida
919 746 1008 811 bella
1022 752 1202 834 capessunt

278 851 459 928 Continuo,
473 856 631 934 tanquam
646 856 679 913 et
693 848 830 912 tubicen
844 850 1024 915 surrexerit
1038 871 1115 916 una.

277 956 367 1041 Ergo
381 956 503 1038 ignem,
518 953 613 1037 cujus
628 952 789 1016 scintillas
803 954 879 1037 ipse
892 953 1025 1034 dedisti,

279 1060 487 1143 Flagrmttem
501 1059 582 1136 late,
594 1062 627 1121 et
637 1059 819 1142 rapientem
835 1064 956 1144 cuncta
969 1058 1110 1126 videbis.
1319 1054 1385 1125 245

277 1163 354 1230 Nec
367 1164 430 1229 tihi
443 1167 595 1248 parcetur
603 1163 732 1240 misem,
747 1161 977 1246 trepidumque
987 1164 1183 1246 magistrum

278 1267 321 1333 ln
336 1287 440 1334 cavea
454 1285 573 1348 magno
588 1264 718 1330 fremitu
731 1266 785 1328 leo
799 1263 892 1329 tollet
905 1266 1066 1330 51555555.

321 1370 415 1437 Nota
427 1369 671 1435 mathematicis
686 1370 816 1453 genesis
830 1374 906 1434 tua:
929 1369 989 1435 sed
1004 1390 1105 1453 grave
1118 1369 1231 1436 tardas

276 1540 355 1602 eorde,
366 1542 478 1602 pannium
491 1535 581 1585 Thebas
596 1535 684 1585 amauit
703 1536 848 1599 Meneceua,
857 1535 884 1585 ia
894 1550 994 1600 quocum
1003 1536 1075 1586 55ἱεί5
1090 1535 1192 1599 logicam
1200 1551 1254 1586 cum
1262 1534 1340 1586 555155
1347 1550 1388 1585 es·

276 1605 389 1655 meatur
398 1619 414 1654 e
424 1602 532 1652 dentibus
547 1601 670 1665 oerperstio,
687 1601 815 1664 metimque
833 1606 898 1650 tetra
916 1602 1000 1651 ineunt
1013 1602 1152 1664 catamito,
1170 1604 1237 1666 quasi
1252 1602 1390 1652 buccinator

277 1668 430 1721 simuletiam
440 1673 522 1717 enatus
531 1672 597 1716 esset.
630 1664 768 1715 Incendium
778 1667 858 1728 igitur
867 1666 933 1727 cuiue
950 1667 1067 1717 scintillas
1081 1668 1131 1731 ipse
1146 1667 1283 1732 prebuisti,
1297 1665 1390 1731 instan-

277 1736 342 1785 mari
351 1735 419 1784 mide
428 1738 452 1783 et
462 1732 541 1783 omnio
551 1734 673 1782 devastare
688 1731 797 1795 aspicies.
831 1732 914 1796 Neque
930 1732 976 1781 tibi
993 1732 1162 1782 concumbitur
1176 1731 1278 1797 infelici,
1288 1737 1390 1782 155555·

274 1804 327 1850 tem
335 1815 391 1850 vero
402 1806 429 1849 te
436 1804 604 1864 preceptorem
613 1797 711 1857 occidet,
721 1796 784 1846 sieut
800 1797 943 1847 auidiorem
953 1799 988 1848 leo
998 1798 1025 1848 ia
1043 1814 1112 1848 cuceo
1123 1799 1263 1849 horrendum
1281 1798 1388 1848 555555.

277 1866 413 1929 Astrologis
427 1864 523 1928 cognito
534 1863 697 1925 estgeaiture
708 1866 766 1922 tue,·
782 1863 938 1913 atmoleetum
947 1869 989 1914 est
1004 1864 1080 1914 lentos
1091 1865 1151 1915 coloe
1160 1862 1281 1931 opperiri:
1313 1862 1389 1913 extia-

743 1991 923 2016 mo

277 2067 637 2133 13.-—2db·2dtejectield.
671 2068 797 2119 Meoecess
805 2072 847 2120 19.
855 2073 896 2121 46.
930 2069 1071 2120 Meaecbeus
1080 2073 1121 2120 15.
1153 2067 1387 2121 5155555515515-

233 2165 236 2168 -
277 2136 357 2185 aicae
380 2140 420 2186 11.
440 2133 654 2184 utiualiisMss.
686 2135 824 2198 ioophonss,
841 2135 959 2185 55555555
979 2142 1032 2186 cet.
1049 2151 1075 2186 v.
1097 2132 1184 2186 Giian.
1204 2134 1265 2185 lud.
1281 2134 1389 2185 Lucret.

274 2201 423 2256 Mecum
433 2204 475 2251 47.
508 2198 647 2249 Meaicbeus
657 2202 698 2249 27.
732 2200 854 2249 bfiaieeus
862 2205 904 2252 22.
938 2201 1172 2266 515555551517.
1205 2200 1337 2264 Minyae
1346 2202 1389 2249 26.

277 2270 359 2315 -241
376 2282 475 2331 quanm
483 2262 553 2330 (scil.
562 2262 721 2327 Thebarum)
731 2267 772 2315 19.
783 2269 825 2315 26.
835 2269 877 2316 46.
888 2270 931 2317 46.
942 2269 983 2316 49.
993 2271 1035 2317 66.
1046 2270 1130 2317 sset.
1141 2268 1226 2316 69-69.
1236 2268 1321 2315 71-74.
1336 2263 1389 2315 Sed

278 2331 381 2382 doctius
393 2329 472 2381 estcb
481 2333 668 2394 555555-241
684 2335 710 2381 et
720 2335 832 2395 1555555
841 2335 883 2383 26.
915 2332 1003 2382 tibicen
1012 2336 1054 2383 22.
1064 2335 1188 2382 49.-246
1204 2331 1390 2381 51154516.11.

279 2400 320 2448 15.
333 2400 415 2448 17-19.
426 2400 469 2448 25.
478 2399 520 2446 25.
531 2398 616 2447 etde.
626 2400 668 2446 54.
679 2401 720 2447 55.
732 2400 815 2448 5755.
823 2400 865 2448 64.
876 2401 999 2450 fide-24⁷
1015 2412 1111 2449 caveam
1120 2400 1203 2448 15-25.
1213 2399 1255 2447 m.
1266 2398 1391 2447 24-de

779 2512 891 2567 NOTAE

310 2622 360 2671 246
374 2618 475 2684 Thebas]
490 2619 617 2684 Boectias,
629 2620 741 2686 regionis
751 2622 814 2672 olim
855 2638 924 2687 eum,
935 2629 963 2674 et
973 2623 1070 2675 betium
1079 2622 1208 2674 ciendum.
1231 2620 1302 2671 Vide
1312 2620 1390 2686 55515

277 2697 354 2748 istius
366 2704 479 2772 eaputpa
488 2697 586 2748 cadmo
594 2698 721 2749 conditas.
854 2708 916 2752 ante
923 2708 1015 2753 notata
1021 2701 1055 2753 ad
1064 2703 1120 2752 hac
1130 2700 1220 2766 verba,
1230 2701 1328 2750 Cornua
1336 2712 1391 2748 555

307 2774 341 2825 'Si
361 2774 459 2826 Gracia
475 2775 544 2839 vero]
568 2775 637 2827 Vide
656 2776 712 2828 Sat.
727 2790 754 2829 x.
775 2792 814 2828 vs.
852 2777 928 2831 iituia

280 2854 338 2902 174.
886 2860 936 2906 244
952 2853 1050 2919 Ignem]
1066 2854 1194 2905 Avaritia
1204 2854 1335 2917 ardorem,
1346 2853 1391 2901 hs-

311 2928 458 2995 Mesoecees]
485 2930 606 2982 Creontis
631 2931 815 2983 'lhebancmm
855 2932 935 2985 hendi
946 2932 1118 2998 cupiditatem
1129 2930 1325 2982 inflammatam.

277 3002 361 3072 Regis
376 3005 455 3072 tilius,
466 3007 510 3074 qui
521 3014 552 3059 ut
569 3009 679 3074 patriam
698 3015 816 3061 servaret
887 3014 936 3061 245
953 3008 1096 3074 Rementem
1106 3007 1202 3071 coacto]
1227 3008 1294 3060 dura
1305 3005 1393 3057 omnia

272 3080 312 3132 'ab
329 3080 434 3149 Argivis
452 3082 593 3151 obsessam,
606 3086 685 3136 morti
697 3101 725 3137 se
737 3086 816 3138 devo·
855 3086 997 3138 violantem
1007 3085 1041 3136 ad
1052 3085 1231 3150 congerendas
1245 3098 1318 3151 opes.
1348 3081 1394 3133 ΑΙ-

276 3157 337 3220 rit3
356 3158 637 3226 quoniamexoracula
650 3169 816 3228 compererat
854 3164 963 3229 legatia.
1036 3197 1039 3204 ι
1233 3157 1242 3168 ’

279 3235 364 3286 salvas
375 3234 816 3304 foreThebas,siultimnsestirpe
888 3245 938 3292 246
955 3239 1063 3292 Nectibi
1078 3244 1201 3305 parcetur,
1219 3237 1273 3303 da]
1296 3236 1393 3303 Neque

281 3312 406 3365 Cadmea
416 3322 510 3380 sponte
523 3322 678 3371 moreretur.
710 3319 755 3369 De
765 3318 816 3369 hoc
856 3318 926 3384 patri
934 3317 985 3368 tibi
996 3332 1088 3368 avarus
1098 3317 1142 3367 ille
1152 3315 1222 3386 filius
1233 3319 1335 3379 parcet.

275 3388 379 3442 Statim
397 3392 522 3443 Thebaid.
535 3408 563 3446 x.
578 3394 676 3447 Tullius
692 3395 775 3447 Tusa.
792 3400 816 3448 1.
887 3399 937 3447 247
953 3395 1014 3460 Iseo]
1036 3396 1112 3447 Sicut
1131 3394 1300 3445 educatorem
1318 3401 1393 3444 snum

280 3463 441 3517 5155565555
450 3469 506 3533 ejas
521 3470 602 3521 etiam
618 3473 752 3525 meminit:
777 3473 815 3524 sic
855 3471 992 3525 devorarit
1001 3473 1043 3524 leo
1051 3473 1106 3534 ilie,
1116 3470 1261 3522 Domitiani
1270 3468 1395 3535 tempori-

280 3542 350 3595 enim
360 3543 511 3610 {equiturn
521 3550 577 3598 116.
592 3548 761 3601 ‘Menoeceus
771 3565 816 3601 ve·
854 3551 1225 3619 bus,b1art.Spectae.Epig.
1237 3564 1266 3601 x.

278 3631 311 3672 ro
330 3634 382 3669 non
401 3623 622 3690 pretermittitur,
644 3626 689 3693 qui
709 3627 816 3678 oraculo
887 3634 938 3683 248
953 3631 1022 3683 Noto
1043 3628 1228 3692 mathematice]
1259 3625 1319 3678 hihi
1338 3626 1395 3692 qui·

281 3694 354 3747 edito
371 3696 481 3763 largitus
499 3710 541 3753 est
558 3702 652 3767 patria
668 3718 743 3757 suum
758 3719 815 3757 san·
856 3707 917 3759 dem
927 3706 1110 3776 Mathematici
1129 3719 1162 3756 ex
1182 3706 1326 3769 horoscopo
1346 3711 1395 3753 tuo

280 3776 404 3845 gainem?
854 3783 1026 3852 praedixerint
1041 3797 1073 3834 ac
1083 3783 1229 3849 spondeant
1247 3782 1395 3845 longaeua

313 3861 362 3907 241
380 3856 608 3926 1555555555,
624 3860 677 3929 dyc]
701 3861 733 3913 In
748 3862 816 3915 'lhe-
855 3876 889 3913 ae
898 3875 982 3913 seram
993 3866 1173 3924 senectutem,
1181 3859 1227 3910 sed
1247 3856 1314 3908 tilius
1332 3863 1396 3907 tuus

280 3932 373 3988 hamur
390 3951 453 4002 agro
467 3937 601 3991 seminatis
617 3939 738 3991 dentibus
757 3941 815 3992 dra-
855 3937 924 3989 haud
936 3937 1089 4002 expectabit
1099 3936 1166 3987 adeo
1184 3935 1288 3985 tardam
1299 3931 1395 3983 iatam.

280 4012 353 4063 canis
372 4028 387 4064 5
405 4013 504 4066 Cadmo
519 4013 662 4082 interfecti,
680 4017 738 4068 nati
754 4023 817 4068 sunt
855 4016 963 4068 Sueten.
974 4014 1058 4079 cmg.
1069 4028 1093 4065 c.
1104 4018 1145 4064 67.
1173 4008 1346 4062 ‘Consuleuti
1358 4008 1395 4059 de

281 4090 374 4141 amati
390 4090 450 4155 viri,
472 4091 516 4157 qui
535 4107 564 4142 55
580 4094 703 4144 condano
718 4093 817 4148 mutuis
856 4092 976 4159 genitura
986 4091 1049 4156 sua,'
1059 4090 1156 4156 inquit,
1177 4088 1268 4138 ‘Sulla
1288 4085 1397 4137 Mathe·

281 4169 431 4244 mineribus
441 4159 624 4226 conciderunt
653 4171 721 4225 Vide
737 4172 818 4226 Ovid.
855 4171 967 4223 metiens
988 4168 1159 4222 certissimam
1183 4179 1276 4216 necem
1297 4174 1396 4229 apprc-

280 4241 351 4296 Met.
363 4247 483 4298 uqub.
495 4253 519 4299 1.
855 4249 985 4318 pinquare
1007 4243 1162 4299 affirmavit'
1187 4244 1225 4294 Et
1241 4241 1295 4296 Tit.
1316 4254 1341 4293 5.
1364 4243 1394 4290 9.

314 4323 363 4375 det
382 4321 496 4389 Tutteea]
520 4323 563 4377 Ad
575 4327 719 4387 canendum
730 4327 818 4381 classi·
855 4326 919 4398 lpse
930 4327 939 4357 ⁴
950 4325 1047 4382 dieitur
1062 4321 1169 4391 cognita
1185 4320 1294 4372 dumam
1305 4315 1396 4370 Psitt-
