3084 4934
551 395 740 445 ruvnuuu.
763 394 847 448 aar.
870 394 912 448 ιι.
1219 379 1288 449 ddi

176 544 207 591 et
222 538 306 589 lorum
322 552 340 589 a
356 536 605 591 corio-ianimecns
622 535 713 589 statuis
750 532 792 589 'res
812 545 901 592 emta:
933 537 1127 591 matrimonium
1148 538 1219 591 enlm
1237 554 1288 607 per

175 616 442 681 appositnmcrat,ct
460 617 572 667 luebat.
605 616 656 665 Vel
674 616 713 664 iu·
750 615 932 666 coemtionem.
960 618 1071 667 ‚Toum
1097 623 1183 667 tamen
1203 625 1232 668 et
1249 617 1288 667 in·

176 691 274 756 telligit
285 694 367 743 lorum
386 694 418 743 al)
434 693 558 744 interiore
576 700 652 758 purte
669 708 712 742 an·
751 692 1136 760 rerumcoenadiritsangiue
1145 694 1291 758 Grangaeua
1353 700 1356 711 '

174 784 275 823 nexum
292 771 380 833 ancili,
407 778 435 821 et
456 772 573 836 pluribus
595 771 712 836 ejusdem
749 769 818 832 apud
842 769 957 820 Martini.
977 771 1054 835 Epig.
1074 786 1106 820 ιι.
1134 775 1174 821 79.
1197 772 1287 839 ίΕιςιι

175 844 266 905 forme
276 847 470 910 immutamur
480 847 595 913 dignosci
607 854 710 912 posset:
750 847 886 897 suiturauae
909 848 1030 898 Tironem
1049 849 1123 898 trade
1146 849 1289 914 magistra,

175 932 332 988 suggerente
353 925 481 977 qurodio.
529 927 579 975 Vel
598 926 643 974 alii
663 941 711 990 per
750 925 804 974 Illa
815 924 897 974 virum
909 923 996 986 faciet,
1008 942 1057 976 non
1068 927 1133 976 benc
1145 927 1227 989 Virgo
1243 927 1290 977 de·

177 1000 711 1066 Hypallageu,Arcunasacraintelligu1t.
750 1002 813 1053 cet!
848 1004 920 1067 Ecce,
931 1003 1005 1053 addit
1025 1012 1149 1068 tauquam
1169 1019 1223 1055 rem
1243 1020 1288 1057 nu·

174 1077 406 1142 —Nutoutia,l5c.]
440 1080 499 1129 Prae
513 1080 626 1143 pondere
643 1081 712 1131 inter
750 1096 820 1143 vam,
844 1081 996 1143 inauditam,
1030 1089 1057 1130 et
1088 1083 1288 1144 incredibilem

176 1154 332 1219 portandum
343 1155 391 1204 linc
404 1156 465 1206 illuc
477 1157 637 1207 inclinantia.
655 1157 694 1208 Id.
753 1157 814 1207 Ecce
823 1157 997 1207 nobilissimae
1006 1156 1050 1207 ille
1061 1158 1206 1223 Gracchus,
1213 1158 1290 1211 nubit

186 1236 258 1283 ,126
273 1233 407 1297 Andium]
440 1235 525 1284 Sentis
547 1235 665 1285 rutndis
684 1241 712 1285 ct
751 1234 870 1285 tubicini.
903 1235 976 1284 Tuo
994 1235 1288 1300 Murshujusnodires·

173 1309 289 1374 nudique
301 1311 469 1360 circumcisis.
502 1312 575 1375 Rege
595 1312 711 1361 Numae
750 1310 897 1372 leravides,
913 1326 963 1361 uon
982 1311 1123 1374 indignaris
1135 1321 1231 1377 maren,
1244 1328 1288 1365 noe

174 1386 244 1436 coelo
263 1393 364 1437 scutum
384 1388 482 1439 decidit
500 1391 586 1440 Ancile
602 1390 711 1453 dictum,
747 1389 844 1450 galenus
864 1403 921 1453 oum
939 1390 968 1438 iu
986 1390 1072 1454 capite
1094 1396 1139 1439 tuo
1160 1396 1209 1452 est,
1230 1404 1287 1454 praa

175 1463 246 1529 quod
266 1463 299 1513 ab
318 1465 387 1514 omui
406 1472 481 1529 parte
503 1466 613 1517 recisum
634 1473 711 1517 esset.
747 1463 837 1515 furore
849 1470 878 1516 et
888 1466 1064 1531 indignatione
1075 1482 1180 1532 quassus,
1200 1465 1289 1516 etfre-

173 1540 336 1605 Responsum
347 1542 379 1593 ab
389 1542 568 1608 Aruspicilrua,
575 1544 632 1594 Illic
641 1543 710 1593 orbis
749 1550 868 1608 quanter.
879 1545 1016 1597 concutis?
1040 1559 1083 1595 nco
1101 1544 1208 1608 cuspide,
1227 1556 1288 1608 quar

174 1614 316 1680 Imperium
325 1616 390 1680 fore,
399 1620 443 1669 ubi
454 1619 538 1670 ancile
548 1621 711 1673 consisteret.
749 1621 830 1671 estin
847 1636 924 1671 nanu
942 1627 990 1673 tua
1005 1626 1095 1671 tonora
1109 1615 1209 1684 pudori
1234 1618 1288 1669 Noa

174 1695 219 1761 Ne
230 1695 311 1756 igitur
328 1695 361 1746 ab
379 1697 495 1747 hostibus
507 1705 653 1761 raperetur,
665 1705 712 1748 aat
749 1698 784 1747 de
795 1698 891 1750 talibus
902 1699 1050 1764 conquereris
1059 1702 1122 1763 opud
1130 1703 1228 1763 putrem
1241 1696 1289 1751 Jo-

172 1772 406 1842 internosceretur,
417 1776 537 1833 undecim
548 1776 642 1827 similia
654 1778 709 1827 Ma·
748 1792 818 1840 vem,
828 1784 859 1827 ut
869 1778 990 1829 immania
1000 1778 1056 1827 hnc
1068 1777 1197 1829 dominun
1207 1790 1289 1829 meu-

173 1850 272 1915 rnurius
292 1850 439 1902 fabricavit.
474 1851 538 1902 lude
559 1869 575 1903 a
593 1853 711 1903 saltando
750 1862 807 1905 stra
816 1852 955 1905 fulminet?
985 1856 1049 1906 Vnde
1059 1853 1288 1917 crgo,ctrsdc,vel

82 1948 83 1953 ¹
171 1930 239 1983 Salii
257 1931 407 1982 sacerdotes
424 1931 499 1993 dicti,
517 1939 586 1982 testo
604 1931 710 1982 Ouidio.
750 1932 802 1995 exi,
820 1931 976 1993 emerium
994 1936 1023 1980 et
1039 1931 1100 1980 latia
1111 1928 1289 1993 spatiumne-i

173 2006 330 2071 Indignatur
341 2017 428 2059 antem
440 2023 498 2058 eum
519 2009 626 2073 nubere,
640 2016 669 2059 et
685 2011 711 2058 in
750 2009 876 2074 taicumpi
888 2007 990 2071 Martii,
1002 2022 1078 2070 quern
1098 2013 1127 2055 tu
1146 2014 1191 2056 tna
1207 2005 1290 2070 negli-¹

133 2116 137 2119 -
173 2085 310 2136 mulierem
327 2086 495 2150 degenerare,
513 2086 557 2151 qui
569 2094 598 2135 et
608 2085 712 2135 nobilis·
751 2089 839 2150 gentio
858 2085 956 2150 pardis.
999 2082 1100 2133 Morus
1118 2082 1225 2145 dicitur,
1243 2081 1287 2135 Αιι

174 2159 265 2224 aimus,
287 2165 316 2210 et
338 2160 422 2211 Salius
444 2161 539 2211 Martis
560 2168 637 2223 essct,
658 2160 712 2211 Dei
751 2163 786 2213 ob
797 2161 926 2227 judicium
944 2173 1060 2209 aerarum
1081 2159 1204 2211 adversuo
1223 2158 1289 2209 Tar·
1380 2190 1385 2200 ι

175 2236 305 2299 bellicosi,
315 2237 395 2286 virilis
407 2244 435 2287 ct
446 2238 633 2300 generosi-O
641 2243 713 2301 poter
750 2238 875 2302 quinium,
887 2237 929 2286 vel
940 2236 1009 2301 quod
1020 2248 1139 2285 severum
1150 2233 1178 2283 in
1197 2249 1229 2285 eo
1245 2235 1288 2299 ju·

173 2313 253 2377 udis]
277 2314 370 2377 idest,
386 2331 399 2364 u
418 2315 490 2365 Mars
503 2314 629 2377 Gradive,
642 2320 714 2380 puter·
750 2314 848 2364 dicium
866 2312 923 2363 dari
943 2312 1055 2363 debeat:
1080 2311 1179 2363 fiebant
1198 2319 1287 2363 autem

174 2391 380 2454 Romanaemiir,
392 2392 465 2454 (hinc
474 2392 606 2457 Marspiter
614 2390 712 2458 dictus)
750 2392 777 2441 iu
796 2392 840 2441 illo
859 2405 951 2456 campo
971 2390 1087 2454 comitia,
1107 2397 1135 2441 et
1159 2389 1290 2442 exercitia

174 2468 220 2537 qui
239 2470 377 2519 Romulum
394 2467 561 2519 fundatorem
577 2470 649 2519 urbis
665 2483 712 2533 gc·
749 2468 883 2519 militarie.
932 2467 975 2519 Αιι
999 2467 1069 2533 quod
1088 2468 1161 2518 Mars
1183 2467 1288 2518 dicatur

173 2547 271 2608 unisti,
300 2549 369 2597 Unde
378 2552 472 2597 tmuium
482 2546 558 2611 affor,
578 2554 652 2597 tantu
666 2545 712 2596 lio·
750 2544 1024 2596 severum-umam
1044 2544 1150 2609 tumide]
1182 2543 1288 2608 Lipsius

173 2621 240 2687 gitia
257 2630 286 2673 et
305 2623 405 2672 scelera
422 2623 465 2689 (ut
483 2623 522 2672 vir
536 2623 712 2673 nobilissimus
750 2625 815 2674 dicit
833 2638 861 2674 se
878 2623 1051 2674 vidissetis.
1071 2623 1097 2671 iu
1120 2637 1171 2688 qno
1182 2628 1288 2686 eurum

174 2697 270 2764 nnbat)
281 2706 411 2750 ortasunt
426 2700 651 2764 purtmidariatia'r
669 2702 712 2750 vel
749 2716 797 2767 pro
818 2707 926 2750 terrum:
943 2707 971 2751 et
989 2700 1073 2764 addit,
1090 2715 1190 2750 morem
1208 2698 1289 2751 sulm

173 2773 316 2833 Romanis:
346 2777 413 2825 Unde
430 2777 712 2842 neuunauaecpm-
749 2779 977 2829 militaremirastir
988 2785 1063 2829 scuta
1079 2785 1107 2829 ct
1121 2779 1288 2844 adsumam

174 2851 233 2917 rigo
244 2853 399 2904 etiuauditu
410 2853 500 2917 libido,
514 2860 568 2904 tuor
578 2855 662 2917 tetigit
673 2870 712 2903 ne·
749 2856 880 2920 galeatum
890 2861 971 2920 capnt
985 2871 1060 2907 suum
1075 2853 1243 2905 concutiendi
1260 2853 1288 2903 in

170 2935 249 2994 poter,
268 2937 326 2980 tuos
349 2932 479 2982 Romanor
498 2947 514 2981 a
534 2940 560 2981 te
579 2931 711 2982 oriundus.
748 2932 1087 2998 im-lt'ccquercriaPutri]
1103 2948 1141 2982 sc.
1152 2928 1287 2994 tuo,.lovi.

174 3008 415 3073 Iuno-Samon]
448 3010 583 3065 Gracchus
607 3008 712 3073 accepit
748 3010 930 3074 -VudecrgoJ
954 3011 1071 3060 Verbum
1089 3007 1287 3074 expellentis.-

174 3092 275 3136 uestcm
297 3101 372 3138 noum
389 3094 491 3152 nuptm,
508 3089 553 3153 qui
571 3086 711 3152 aliquando
751 3089 827 3154 Cede]
842 3087 896 3137 Pro
907 3087 1022 3148 discede,
1033 3086 1143 3150 simplex
1154 3099 1203 3150 pro
1215 3097 1287 3137 com·

173 3154 259 3215 Sallus
271 3164 367 3215 Martis
378 3163 437 3214 fuit.
476 3166 529 3216 Vct.
539 3164 596 3215 Sci.
748 3165 994 3232 posite—Truditur
1009 3162 1072 3226 cccc]
1106 3163 1138 3212 In
1155 3159 1288 3213 matrimo-

208 3246 257 3293 127
273 3243 426 3306 Praetoribus]
449 3241 711 3306 Romaainepriscis
748 3242 819 3292 nium
839 3241 988 3305 Doriplruro
1011 3239 1114 3300 liberto,
1140 3238 1210 3288 sicut
1234 3235 1288 3301 ipsi

174 3322 251 3383 Rom.
262 3321 338 3383 ortis,
352 3321 396 3386 qui
408 3321 469 3370 olim
481 3319 609 3370 durissimi
621 3327 649 3367 et
659 3316 711 3367 for·
748 3318 857 3383 Sporus,
870 3319 907 3368 itu
917 3319 974 3383 ipse
986 3316 1118 3380 denupsit.
1139 3330 1214 3367 voces
1224 3328 1287 3380 qne·

173 3397 267 3448 tissirm
284 3406 402 3463 pastores
413 3407 505 3448 erant:
532 3397 574 3447 vel
585 3396 629 3462 qui
641 3396 711 3460 prin·
749 3409 800 3460 que
812 3401 840 3446 et
856 3395 968 3459 ejulatus
980 3393 1034 3445 viru
1045 3393 1199 3458 patientium
1210 3390 1287 3455 virgi-

173 3475 246 3541 cipea
265 3473 373 3537 ποιμένος
390 3478 465 3538 λαῶν,
484 3482 514 3525 ut
530 3475 713 3538 Otho,1)omi·
748 3486 810 3521 num
830 3471 953 3522 imitatur.
991 3470 1065 3521 Suet.
1083 3470 1149 3520 Ner.
1168 3483 1228 3535 cap.
1245 3470 1288 3533 22,

174 3553 237 3615 tius.
270 3554 346 3604 idcir.
750 3550 855 3619 Fumat.
1244 3550 1251 3574 ²

208 3635 257 3681 128
284 3630 403 3694 Gradiue]
436 3629 567 3695 Marusio
588 3630 712 3680 dictura
784 3630 831 3676 13⁰
850 3625 966 3689 Cuspide]
984 3624 1286 3689 Gladiihastserepuste

173 3707 317 3773 mediando
338 3709 366 3757 in
389 3707 457 3757 bello
484 3708 554 3758 ultro
574 3706 713 3772 citroque:
750 3701 896 3753 inacumen
908 3703 1050 3752 desinente.
1066 3701 1156 3752 Ludiu.

175 3782 469 3848 relasputwraatam
481 3783 570 3835 vibio:
587 3784 631 3835 vel
643 3782 712 3849 quod
783 3785 830 3830 132
849 3778 1031 3846 Offinumrrus]
1064 3779 1182 3829 Ulterius
1201 3776 1288 3843 prodi·

174 3860 292 3926 gramiue
310 3861 348 3911 eit
368 3867 449 3912 ortus.
484 3858 714 3924 Graue-Urtius]
750 3857 835 3921 glosas
854 3855 910 3905 illas
921 3855 1026 3920 nuptias
1038 3855 1214 3919 persequitur.
1248 3854 1288 3907 Ut

173 3938 315 4001 Libidinis,
334 3945 363 3989 et
381 3937 560 3989 obscenitatis
578 3936 713 4000 pruritus3
749 3940 836 3984 antem
854 3932 903 3983 lunc
923 3932 1008 3981 sceluu
1027 3930 1205 3983 vehementius
1227 3944 1289 3983 exo·

174 4015 293 4082 Metaplr.
315 4016 433 4066 Herbarn
454 4015 561 4079 vivacis,
575 4013 713 4076 mordacis,
750 4010 818 4077 gitet
826 4009 970 4074 Sntyricns,
982 4006 1083 4058 inducit
1089 4006 1288 4071 jampcrsonou,

174 4098 204 4143 ct
213 4093 332 4147 ardentis
343 4094 468 4158 pruritus,
486 4091 519 4141 ad
534 4089 649 4141 libidinis
659 4103 713 4138 mo·
749 4089 819 4143 iuter
831 4102 859 4137 se
876 4087 909 4135 dc
926 4086 1033 4135 marium
1045 4084 1143 4155 nuptiis
1155 4083 1289 4134 eelebren-

143 4169 277 4227 ,lesdam
287 4177 315 4220 et
326 4160 485 4235 pruriginem
496 4167 637 4217 transtulit.
663 4166 713 4217 Lu·
750 4165 791 4215 dis
802 4166 948 4230 loquentes.
983 4163 1034 4213 Est
1051 4161 1146 4228 quiite
1164 4159 1286 4224 dicatub

174 4243 358 4311 diis—Unica]
374 4245 495 4308 Prurigo.
526 4244 580 4294 Vct.
591 4241 646 4293 Seli.
750 4237 1193 4307 alteroquidrerumgesturursit,
1208 4236 1290 4288 inter·

210 4325 259 4375 129
278 4323 395 4373 Truditur
413 4336 474 4385 nce,
493 4317 548 4385 liu]
579 4319 714 4387 Tanquam
750 4314 874 4387 rogatur:
894 4313 1286 4385 Qfficiuruetobssquiumamiuo
