3084 4934
602 392 654 443 tu
677 393 759 451 err.
783 393 840 443 rx.
1208 373 1276 459 ,⁵⁴3

169 528 206 600 ἑο
219 535 418 617 liberabunt,
439 538 472 605 si
484 537 609 618 dieunt,
623 558 710 618 oum,
727 540 787 624 qui
809 556 979 625 uunquam
994 539 1080 605 liber
1101 538 1174 616 orit,
1198 557 1274 619 esse

36 678 37 683 κ
168 649 338 729 monstrum
353 660 372 703 o
388 640 472 709 vitio
486 638 576 705 nullu
590 638 705 706 virtute
717 640 898 707 redemtum.
935 639 1171 725 Philosophice
1185 641 1273 705 enim

142 758 145 766 ·
168 740 231 807 hoc
245 745 355 827 magis
368 745 506 823 dieetur,
518 763 620 829 quum
635 764 722 811 vere.
767 745 874 810 Porro
888 742 1045 811 Pithoeus
1057 745 1092 808 in
1104 744 1189 811 libro
1205 742 1274 809 Ms·

167 853 280 910 monet
292 845 414 913 fuisse:
438 842 588 911 Deterior
602 855 707 911 tamen
721 844 783 924 itio,
796 846 851 932 qui
862 844 942 937 liber
952 846 1074 911 nouerit
1090 844 1171 911 illor-
1192 845 1275 912 ludo

168 948 360 1033 conjecture
382 949 464 1015 mihi
493 948 651 1028 uescitur,
673 947 871 1027 iuvenalem
896 950 1092 1033 sorim:
1126 945 1277 1025 Donet
1307 990 1310 1000 ·

167 1059 273 1115 torrere
287 1049 349 1129 tic,
364 1051 418 1138 qui
439 1050 519 1116 liber
536 1048 675 1116 witarit
698 1048 773 1128 iltis,
791 1047 931 1118 Quom
953 1051 1086 1133 animos,
1107 1058 1171 1118 eet.
1214 1050 1276 1117 Ait

165 1154 268 1232 euim
292 1157 452 1240 pum
468 1155 575 1239 frugis
594 1174 668 1222 esse
680 1155 855 1239 plerosque
876 1174 1058 1234 sorvorum,
1080 1156 1274 1222 deteriorem

166 1262 279 1322 men
289 1257 468 1338 domiuum,
482 1260 540 1344 qui
553 1257 717 1344 ejusmodi
733 1255 854 1340 bipedes
867 1256 928 1321 sior·
942 1268 1061 1344 queret
1075 1256 1193 1322 asellos.
1218 1259 1272 1325 Do

165 1361 319 1446 turpibus
331 1363 418 1426 euim
439 1362 566 1446 nuptiis
587 1360 759 1447 precipue
783 1362 818 1427 iu
838 1361 901 1434 hue
923 1360 995 1428 Set.
1011 1362 1089 1444 agit.
1135 1352 1225 1427 Num
1238 1365 1274 1427 et

164 1461 327 1548 impudici
341 1462 376 1528 N
378 1464 497 1530 aetolis
519 1465 591 1529 suis
613 1483 650 1529 so
672 1465 897 1529 submittentes
915 1462 1031 1529 euhoe
1051 1464 1217 1542 dicuutur,
1238 1468 1273 1530 et

164 1567 321 1650 pathicus
343 1586 419 1651 sup.
443 1584 468 1632 1.
484 1566 539 1633 78.
563 1566 663 1651 turpis
684 1588 794 1650 sponte
819 1565 1155 1651 vocatum-Aptior,
1177 1572 1270 1651 puto,

164 1668 352 1733 emendatio
366 1669 427 1736 erit
439 1668 533 1734 hoec:
570 1664 721 1734 Deterior
735 1679 838 1732 tumere
852 1671 958 1735 servis
972 1670 1125 1735 dominus
1141 1667 1202 1748 iric,
1217 1670 1273 1756 qui

165 1766 258 1848 iiber,
273 1790 349 1835 oum
361 1770 443 1835 liber
457 1770 512 1848 eit,
525 1769 684 1834 convomit
706 1766 789 1849 illos,
803 1792 944 1854 quorum,
965 1776 1040 1850 eet,
1055 1772 1088 1837 h.
1104 1793 1135 1838 e.
1156 1792 1273 1838 servos

165 1890 343 1956 eorumque
356 1873 505 1956 linguam
518 1874 624 1952 timet,
645 1879 782 1959 propter
804 1874 893 1939 melu
914 1874 987 1939 soil.
1012 1874 1173 1954 facinore,
1189 1896 1272 1960 quo-

164 1993 239 2039 rum
253 1975 320 2039 sibi
333 1974 489 2040 conscius
513 1979 578 2056 est3
610 1975 676 2039 uisi
693 1975 810 2040 melis:
832 1972 894 2054 iic,
916 1975 972 2060 qui
994 1973 1084 2054 liber,
1099 1996 1175 2041 eum
1188 1977 1272 2042 libor

34 2068 35 2071 '
166 2076 220 2154 sit,
235 2078 351 2154 νοω.
365 2097 396 2142 e.
411 2096 517 2141 sermo
535 2074 597 2139 erit
617 2073 691 2153 illis,
717 2096 859 2160 quorum,
881 2082 946 2141 eet.
970 2096 1040 2160 quo
1063 2097 1163 2143 seusu
1186 2076 1270 2144 Pro-

52 2228 55 2237 .
164 2183 246 2263 pert.
272 2196 314 2244 11.
337 2179 391 2245 21.
413 2180 470 2259 (el.
492 2180 561 2259 20.)
584 2180 618 2246 7.
641 2177 727 2243 dixit
752 2178 1004 2244 nuntiatorem
1027 2200 1124 2244 remo
1149 2200 1190 2259 eo,
1215 2181 1271 2246 vel

166 2280 306 2348 Puutus
320 2282 444 2351 Pseud.
461 2300 486 2347 1.
500 2284 533 2348 5.
547 2283 581 2349 4.
584 2278 679 2365 filius
693 2302 776 2346 meur
789 2302 887 2346 remo
900 2294 942 2349 eet
951 2304 1011 2372 per
1024 2281 1140 2349 urbem.

571 2591 862 2605 m

501 2778 927 2856 EXCURSUS

574 3009 628 3064 Ao
643 3008 719 3063 841.
733 3009 783 3063 IX.
799 3014 856 3062 m.

203 3214 281 3280 Hrc
298 3233 427 3293 versus,
448 3213 508 3301 qui
533 3213 663 3279 silentio
685 3211 943 3297 praetermittitur
965 3212 1008 3275 ab
1023 3208 1263 3296 interpretibus,

162 3319 293 3402 quoties
319 3337 395 3381 eum
423 3316 500 3400 legi,
536 3335 668 3401 semper
697 3334 750 3380 me
781 3314 930 3395 offendit;
962 3311 1058 3399 (nem
1077 3318 1112 3378 et
1131 3312 1266 3398 languet

160 3439 317 3507 moreque
338 3421 488 3504 repetitio
502 3425 554 3485 est
577 3438 629 3485 vs.
653 3419 727 3485 119.
751 3424 785 3484 et
808 3418 841 3481 rt
863 3415 977 3481 idcirco
992 3416 1092 3501 plane
1116 3417 1264 3501 ineptum

160 3523 289 3589 videtur
298 3523 332 3588 h.
346 3519 389 3606 1.)
403 3541 599 3606 semperque
621 3521 747 3604 putavi,
766 3520 853 3585 hane
875 3539 950 3584 esse
972 3520 1116 3603 glossam
1131 3519 1165 3583 in
1179 3539 1264 3584 mar-

160 3624 234 3707 gine
242 3624 424 3707 ascriptam
438 3623 482 3688 od
493 3643 546 3688 vs.
562 3622 637 3688 119.
650 3618 698 3685 iis
709 3620 862 3708 precipue
873 3622 983 3700 musio,
993 3631 1026 3685 ut
1039 3619 1161 3708 linguar
1175 3642 1265 3685 mon·

158 3724 311 3811 ripiorum
333 3734 518 3789 contemnor.
563 3720 715 3801 Quorum
733 3724 909 3788 verborum
930 3724 1018 3788 houd
1040 3724 1141 3788 dubie
1163 3725 1263 3790 inter-

158 3833 396 3913 pretamentum
408 3826 488 3892 fuit:
512 3822 634 3888 idcireo
654 3833 689 3887 ut
699 3825 798 3909 possis
809 3822 951 3912 linguam
963 3836 1151 3890 contemnere
1164 3826 1264 3899 Μὴ

160 3931 249 4016 quod
263 3950 338 3994 cum
353 3930 387 3992 in
400 3934 530 3995 textum
544 3928 709 4011 irreperet,
733 3947 908 4012 perperam
929 3950 950 3994 u
970 3929 1114 3994 librariis
1127 3929 1162 3992 iu
1175 3949 1261 4005 eum,

33 4074 34 4115 3
160 4053 257 4117 quem
272 4052 361 4099 nuuc
377 4038 530 4116 occupet,
553 4031 664 4096 locum
678 4039 729 4097 est
744 4033 949 4108 translatum,
963 4038 997 4096 et
1008 4031 1120 4115 poesim
1136 4033 1262 4115 reposi-

33 4124 35 4197 ζ
159 4140 227 4200 tum
246 4155 309 4220 pro
317 4133 425 4220 poesis,
441 4134 530 4219 quod
550 4141 659 4200 tumen
677 4140 711 4200 et
732 4137 846 4219 ipsum
867 4138 902 4201 in
924 4136 976 4200 17.
999 4133 1051 4199 18.
1073 4134 1128 4199 24.
1149 4134 1262 4199 tote.

33 4200 35 4213 '
159 4237 285 4321 legiur.
330 4237 383 4305 uo
396 4239 506 4304 mnus
520 4238 691 4304 anemuri
705 4238 905 4319 dubiumst,
920 4240 1000 4325 quin
1013 4238 1087 4302 uaee
1101 4237 1260 4303 verbaab
