3084 4934
244 336 311 411 etl
353 357 356 363 ·
570 354 710 409 ‘arura
734 354 936 411 vraronuu
960 356 1000 412 ru

244 515 326 566 qnam
336 499 427 552 Circus
437 499 541 551 intiruus
552 507 580 552 et
589 501 681 554 circui
687 502 780 553 Flami·
816 508 875 555 tare
891 505 961 556 iutra
977 496 1077 568 urbem,
1095 505 1165 558 tuter
1184 510 1226 559 tot
1245 490 1353 560 ilrendl

244 578 313 629 bins.
348 579 457 628 Nam'ut
466 579 559 629 scribit
568 580 637 630 Pliu.
650 583 667 630 l.
680 594 779 631 xxxvi.
817 576 955 632 molestias.
977 583 1231 649 licitas—Biddon]
1252 585 1354 637 sarculi

245 654 409 719 longitudine
424 655 476 706 fuit
492 658 570 706 trium
587 658 739 717 stadiorum,
752 664 780 709 et
818 651 905 722 lignela
926 663 973 708 aut
1002 657 1215 711 ferramentorum
1246 663 1356 712 ius'tico-

245 731 386 782 latitudine
407 735 498 795 uuius3
522 735 567 784 red
584 734 780 784 eumedilicil's
818 747 890 783 rum:
917 743 962 784 eut
983 734 1063 785 furere
1091 738 1134 786 vel
1164 739 1241 787 rastri
1271 749 1355 802 genus

247 816 402 875 quaternum
407 811 536 875 jugerum.
554 813 683 876 Capiebat
693 818 781 862 eutem
818 818 868 860 est.
902 812 980 864 erod
996 821 1083 863 autem
1102 814 1136 864 de
1155 831 1203 865 ove
1223 817 1356 880 iuterpre-

246 886 361 938 ducenta
371 895 399 937 et
410 890 546 953 sexaginta
560 889 640 938 millia
650 890 782 938 bominum
815 894 917 950 tantur,
935 904 987 939 nou
1006 892 1101 954 placet,
1120 893 1197 956 paulo
1214 893 1284 941 enim
1296 899 1357 956 post

247 961 402 1013 sedentium.
429 965 495 1014 Ludi
504 972 591 1014 autem
602 966 714 1015 instituti
725 964 782 1016 fue*-
819 968 935 1017 meminit
951 970 1185 1035 Pythagoreorum,
1196 973 1242 1037 qui
1259 972 1292 1022 ab
1304 972 1357 1021 om'·

248 1040 343 1090 ruutiu
351 1041 473 1091 bonorem
481 1043 594 1107 Cybeles
605 1058 706 1106 magnae
714 1046 783 1093 Deo*-
818 1043 893 1094 nibus
914 1045 1065 1095 animalibus
1090 1046 1265 1098 abstinebant.
1303 1049 1357 1097 Le&

248 1133 306 1168 rum
316 1120 417 1182 matris,
425 1121 470 1185 qui
478 1120 605 1170 vocabulo
613 1122 708 1171 Graeco
717 1121 782 1172 dicti
819 1120 869 1169 bia.

248 1196 422 1261 Megalenses,
442 1200 534 1248 Latino
558 1202 652 1264 magni,
674 1200 721 1249 dab
738 1203 783 1259 τῆς
818 1222 821 1227 ·
852 1200 901 1247 aab
929 1196 1008 1260 Unde]
1032 1197 1065 1247 Id
1083 1204 1135 1261 est,
1154 1214 1187 1248 er
1205 1199 1356 1263 quo-hortu

247 1271 356 1335 μεγάλης
373 1273 468 1338 μητρός.
498 1276 555 1338 Vel,
572 1272 640 1340 quod
652 1275 701 1326 diis
712 1291 782 1341 mag·
820 1281 924 1323 centum
932 1275 1106 1340 Pythagoreis
1115 1278 1219 1342 epulum
1226 1278 1358 1342 darepos·

247 1349 297 1413 nis,
318 1349 336 1398 i.
355 1365 379 1400 e.
402 1351 508 1413 laribus,
532 1350 607 1400 Urbis
630 1353 703 1401 Rom.
726 1352 783 1402 dati
820 1348 864 1401 sis.
896 1350 940 1399 llli
956 1352 1025 1401 euim
1042 1353 1114 1402 olera
1131 1354 1213 1403 cruda
1228 1354 1270 1404 vel
1288 1353 1359 1403 elixa

245 1431 325 1476 suut:
342 1429 394 1488 vel,
406 1432 436 1476 ut
447 1428 562 1476 maias
571 1429 617 1489 ait,
630 1429 703 1478 ludos
711 1444 783 1494 mag·
821 1432 922 1476 tantum
945 1429 1125 1494 comedebant,
1147 1436 1175 1480 et
1197 1446 1212 1479 a
1237 1430 1359 1482 carnibus

248 1505 607 1569 nosesseappelletoa,quod
623 1505 723 1569 maguis
736 1506 783 1554 im·
821 1503 997 1554 abstinebant.
1030 1507 1107 1556 Idus.
1217 1494 1225 1503 ⁸

249 1579 337 1643 pensis
346 1581 399 1630 siut
406 1581 470 1630 dati.
488 1582 626 1630 Circenses
633 1582 696 1644 ludi,
704 1582 783 1631 iidem
854 1585 903 1630 280
920 1583 967 1631 Est
984 1582 1087 1647 aliquid]
1110 1584 1168 1634 Non
1186 1583 1294 1634 mistiam
1315 1598 1358 1634 res

250 1660 329 1708 etiam
341 1660 426 1722 plebei
438 1668 498 1710 suut
512 1662 647 1726 appellati,
657 1661 726 1726 quod
737 1662 784 1710 ini·
822 1662 870 1707 est.
897 1659 945 1707 Est
956 1672 1042 1723 operae
1054 1660 1177 1723 pretium.
1205 1660 1244 1709 Ut
1255 1660 1359 1709 omniuo

250 1736 288 1786 tle
304 1738 382 1801 veris,
404 1739 473 1788 stato
491 1740 640 1804 soleuuique
653 1740 695 1789 die
717 1740 785 1789 cele·
822 1735 944 1785 ostendat
962 1737 1039 1800 longe
1055 1736 1144 1785 melina
1160 1751 1217 1786 esse
1229 1736 1256 1785 iu
1268 1736 1359 1786 villula

250 1813 394 1864 brebautur
403 1830 497 1879 magno
509 1810 588 1865 totius
600 1816 682 1879 plebis
698 1816 784 1865 studio
822 1816 917 1880 exigua
926 1815 1052 1879 babitare,
1064 1831 1140 1881 quam
1149 1816 1175 1865 iu
1186 1815 1261 1867 urbe.
1350 1822 1355 1835 '

250 1896 279 1939 et
297 1890 488 1942 delectatione:
518 1894 560 1942 rel
589 1893 668 1958 quod,
686 1894 786 1943 exactis
855 1896 903 1941 231
921 1892 1122 1956 Dominum‚lsr.]
1140 1892 1236 1957 Exigui
1251 1892 1359 1955 bortuli,

251 1967 373 2031 regitanus
394 1983 443 2032 pro
465 1970 585 2020 libertate
612 1969 696 2032 plebis
720 1967 786 2019 facti
824 1981 901 2032 quem
917 1969 1018 2018 lacerta
1033 1970 1164 2018 occultare
1182 1969 1361 2032 possete-Ia·

251 2050 320 2104 suut,
333 2050 379 2093 aut
396 2060 443 2108 pro
463 2046 674 2095 reconciliatione
693 2046 786 2110 plebis.
824 2042 908 2106 cute]
925 2043 1019 2108 Exigui
1040 2045 1105 2109 egri,
1127 2050 1174 2094 aut
1193 2044 1299 2110 hortuli,
1316 2044 1361 2094 ubi

252 2120 321 2170 Ludi
339 2122 417 2171 etiam
441 2123 585 2186 Circenses,
611 2123 638 2171 iu
663 2124 785 2172 honorem
825 2120 929 2170 lacertae
940 2123 1094 2170 commorari
1105 2127 1133 2171 et
1142 2121 1254 2185 apricari
1265 2121 1360 2185 solent,

252 2199 356 2248 Cereris
368 2200 574 2250 celebrabantur.
587 2198 787 2251 Britannicus-⁴
825 2193 874 2260 p'er
893 2198 1073 2248 Metouimiam
1100 2200 1190 2262 posuit
1209 2203 1361 2248 coeuntem

251 2273 331 2337 Sora]
341 2276 405 2325 Sora
414 2276 475 2326 urbs
485 2278 703 2339 Campauiae‚uou
711 2278 787 2341 longe
825 2289 874 2340 pro
886 2276 1038 2325 continenti.
1062 2277 1159 2326 Sensus
1170 2281 1225 2337 est3
1243 2276 1285 2324 Ex
1296 2274 1361 2324 urbe

252 2350 287 2399 ab
297 2350 408 2415 Arpino‚
418 2353 494 2402 Tullii
505 2354 600 2418 patria.
633 2353 721 2403 Lubias.
825 2351 937 2415 migrans
955 2365 1109 2417 quocunqne
1127 2359 1154 2401 te
1166 2352 1307 2417 receperis,
1317 2366 1362 2415 op·

284 2426 333 2475 Μ
357 2427 516 2494 Fabraterioe]
541 2429 657 2494 Opidum
679 2430 787 2494 Campa·
826 2424 916 2478 timum
933 2436 1025 2493 putato
1041 2429 1208 2492 domicilium,
1225 2428 1271 2478 ubi
1288 2434 1360 2478 tuem

252 2506 311 2569 uiae,
327 2506 354 2554 in
365 2507 406 2556 via
424 2508 704 2573 latina—Frusinone]
719 2509 789 2560 Urbe
825 2504 922 2554 babeas
940 2505 1044 2555 domurn
1066 2513 1094 2555 et
1112 2508 1215 2556 bortum
1237 2512 1290 2555 tam
1309 2506 1362 2555 esi·

253 2582 362 2633 Frusino
380 2584 406 2632 iu
426 2585 468 2633 via
495 2586 597 2648 Latina,
623 2586 787 2652 quemadmo-
826 2596 912 2646 guum,
935 2587 965 2632 ut
985 2583 1027 2632 vix
1049 2597 1101 2631 una
1122 2582 1208 2645 ipsum
1229 2582 1361 2631 discurrat

253 2656 315 2707 dum
330 2660 530 2710 et'Fabrateria.
563 2662 623 2724 Vel,
634 2670 664 2712 ut
674 2662 789 2726 Probus,
825 2658 934 2707 lacerta.
961 2657 1050 2707 Lubia-
1073 2658 1363 2722 articulatam

253 2734 369 2784 civitella
388 2738 536 2800 Campaniae
557 2753 659 2789 nomen.
692 2739 788 2790 Strabo
824 2734 953 2789 vermiculi.
986 2735 1211 2798 Belgiceeeaooet
1225 2737 1303 2798 bede,
1320 2749 1362 2784 eea

253 2810 297 2860 lib.
309 2824 352 2860 ιιι.
379 2812 550 2864 Latia-Ant
570 2816 729 2880 Famam]
746 2817 788 2867 ct.
824 2810 882 2859 leuat
902 2812 939 2859 rol
953 2811 1035 2860 buda:
1058 2817 1087 2860 et
1103 2813 1152 2862 boc
1172 2826 1251 2861 seusu
1270 2817 1361 2861 noster

253 2886 363 2937 vitatum
375 2891 479 2940 nomina
490 2892 646 2956 Campaniae.
667 2893 720 2943 νει,
731 2893 788 2943 Sola,
824 2888 941 2937 scribens
949 2888 1041 2952 lucerii,
1057 2889 1145 2953 potuit
1161 2888 1196 2937 ad
1214 2900 1362 2938 mensuum

286 2966 475 3031 ffldTeaebres]
491 2969 544 3019 Pro
556 2970 694 3020 tenebrosa
701 2969 788 3034 domn,
824 2963 934 3025 referre,
944 2971 974 3014 nt
985 2966 1020 3015 sit
1037 2973 1137 3016 tautum
1155 2966 1220 3031 egri,
1237 2970 1362 3029 quautam

254 3049 300 3099 ant
310 3044 355 3094 rili
365 3044 535 3095 habitatione.
568 3045 657 3096 Latia.
825 3047 867 3092 est
882 3043 994 3105 spatium
1012 3043 1109 3094 bracbii
1127 3045 1209 3094 nostri
1225 3043 1295 3094 inter
1311 3057 1363 3093 aaa·

204 3182 206 3186 .
286 3126 336 3172 Μ
352 3123 470 3172 Ηυιιιιῑιιι
480 3122 529 3186 laic]
548 3122 580 3172 lu
600 3123 639 3173 bis
661 3123 790 3187 opidis.--
826 3122 896 3185 pule
913 3128 942 3170 et
957 3120 1247 3172 cohibuere—Feriam
1255 3118 1361 3181 heom]

254 3198 461 3262 Priusquam
478 3201 539 3250 Nou
553 3199 791 3263 profundae-Nec
826 3199 980 3249 Notandum
1007 3199 1074 3264 quia·
1101 3196 1232 3247 foeminiuo
1268 3208 1381 3262 generet

254 3278 317 3323 reste
326 3275 461 3338 maomdus]
477 3276 586 3339 Peleus,
599 3276 668 3326 uude
687 3291 738 3326 non
749 3272 790 3325 fu·
827 3275 905 3336 dixit,
916 3277 1045 3337 Lacerta,
1061 3288 1120 3324 cum
1131 3274 1255 3336 Virgilius
1265 3272 1363 3322 mascuss

255 3348 331 3399 nibus
350 3366 398 3401 nec
417 3357 487 3401 reste
499 3358 545 3401 aut
556 3353 608 3401 ullo
619 3353 707 3403 labore
723 3360 792 3418 aqua
828 3352 881 3401 lluo
891 3352 958 3401 dixit
980 3353 1112 3402 Lacertae.
1130 3356 1158 3398 et
1169 3349 1215 3399 a'ut
1226 3348 1363 3398 edaninrd

254 3427 416 3491 exhauritur,
434 3428 481 3477 sed
499 3443 577 3478 manu
587 3430 669 3494 pessis
681 3444 738 3480 eam
754 3435 792 3479 at·
828 3429 927 3488 retulit,
940 3429 1001 3494 quia
1017 3427 1119 3477 suntin
1136 3440 1196 3489 agre
1207 3424 1364 3490 quampiam

256 3504 366 3568 tingere.
400 3506 501 3554 Idem.⁴
753 3548 756 3556 .
829 3506 874 3567 mi,
896 3510 942 3554 aut
960 3505 1089 3554 lacertam
1110 3515 1159 3567 pro
1177 3503 1253 3551 berto
1268 3500 1363 3564 possit,

271 3585 337 3630 ‘227
365 3581 396 3631 Ia
413 3586 494 3630 tenses
513 3583 619 3647 pauc]
646 3584 791 3635 Hortamur
829 3595 965 3647 perquem
982 3581 1128 3630 discurrere
1145 3583 1173 3627 et
1186 3577 1293 3628 latitare
1304 3590 1363 3627 cou-

256 3656 367 3719 seilicet‚
384 3655 455 3706 facili
476 3658 569 3708 haustu
591 3658 746 3710 diffunditur
764 3669 793 3711 et
829 3661 923 3711 suerit.
954 3659 1072 3710 VetScir.

256 3734 386 3798 irrigatur.
409 3734 484 3783 idem.
517 3734 572 3784 Alii
587 3736 640 3800 leg
656 3737 793 3787 intereras
863 3743 911 3788 m
939 3738 1063 3787 Plurimus
1081 3736 1120 3785 irie
1137 3733 1214 3800 eger]
1241 3731 1364 3782 Subtexit

254 3809 470 3876 plaste-Tersas]
486 3810 553 3861 Quae
575 3821 696 3864 recenter
714 3814 793 3863 bumc
830 3816 880 3864 alia
892 3816 962 3865 urbis
974 3816 1047 3865 Rom.
1059 3811 1231 3872 incommoda,
1242 3808 1313 3875 qu‘od
1330 3807 1363 3859 ab

254 3888 315 3942 fixe
335 3895 406 3951 sunt,
423 3894 452 3937 et
468 3889 502 3938 ob
520 3889 548 3938 id
564 3889 689 3939 debent
681 3890 792 3954 irrigari.
831 3898 985 3958 perpetuum
1012 3890 1177 3954 strepitum,
1189 3888 1310 3937 diurnum
1334 3890 1364 3935 et

258 3965 396 4027 (ἕως
830 3974 994 4027 nocturnum,
1003 3967 1030 4014 iu
1046 3966 1140 4031 plateis
1157 3970 1185 4014 et
1203 3963 1270 4027 faro,
1287 3976 1362 4012 nemo

288 4044 337 4090 228
357 4041 527 4092 Vioebideatas
535 4041 628 4106 omns]
644 4043 676 4093 ld
693 4049 745 4105 est,
756 4043 795 4093 ibl
831 4044 943 4095 dormire
958 4048 1052 4108 queat;
1080 4042 1151 4106 quod
1175 4040 1209 4090 ob
1232 4039 1261 4088 ld
1288 4037 1363 4088 multi

257 4130 305 4181 pro
325 4117 400 4166 libitu
417 4119 633 4181 jucundissimam
657 4121 795 4184 agricultu·
832 4120 933 4186 segroti,
951 4120 1055 4170 assidua
1071 4117 1198 4168 insomnia
1215 4115 1259 4166 vel
1277 4113 1364 4179 vigilis

213 4232 222 4246 .
265 4204 312 4251 ern
332 4206 435 4244 exerce.
467 4194 554 4246 labis.
584 4196 681 4259 Satius,
699 4196 795 4261 inquit·
833 4203 950 4263 pareant.
982 4195 1069 4246 Satius
1084 4200 1134 4259 est,
1150 4191 1245 4258 iuquit,
1261 4200 1363 4256 qnoque
1392 4256 1398 4267 ·

259 4277 302 4323 est
320 4271 499 4336 tremitum
515 4286 619 4339 usare,
629 4287 706 4340 quam
724 4273 797 4331 habi·
832 4274 909 4328 modo
921 4272 1097 4331 utnurbem
1107 4266 1364 4339 civemqurnetls
