3084 4934
275 380 345 457 m
625 393 735 446 sora
757 391 962 444 rsaroaurr
985 391 1028 443 rrr

278 558 344 607 rear,
361 541 406 611 qui
420 555 436 591 a
450 539 550 604 maguis
568 546 598 592 et
606 541 700 591 vilibus
709 541 809 606 pocalir
849 539 978 606 quarmar
994 537 1064 604 quod
1083 535 1177 587 eadem
1194 533 1254 587 rina
1270 531 1378 587 dominil

278 619 386 681 biberit.
430 618 507 667 Unde
530 617 613 668 adhuc
635 629 811 681 magnaram
848 625 877 669 et
893 617 966 667 vobis
984 615 1120 666 clientibus
1139 612 1307 676 acparasitis
1327 625 1379 662 uoa

277 699 341 753 uilia
361 702 389 747 et
411 697 502 759 vitrea,
522 696 661 746 Vatiniana
680 695 810 746 dicuutur.
849 699 1049 758 apponerentur.
1092 692 1151 742 Iuro
1176 703 1238 739 vero
1265 689 1380 753 pejorem

280 775 608 831 ihmbrsarxmdufine.
627 777 707 826 Mart.
720 775 811 840 Epigr.
849 770 928 820 etiam
943 769 1145 835 aqraambibitia.
1179 767 1238 818 Hoc
1254 765 1379 817 confecit

277 861 319 908 ab.
334 859 353 907 l.
366 855 505 917 xum-ils,
523 853 578 918 isc]
607 853 719 906 Quidam
737 857 812 902 sutor
849 848 993 898 (latocum
1013 846 1194 912 navigaretur
1211 844 1379 908 Hispaniam

278 933 499 993 faitBeaeuento,
518 931 562 996 qui
580 929 703 994 grandem
720 942 811 979 uarum
848 939 909 976 uam
935 941 997 976 aon.
1012 928 1082 978 aliud
1108 928 1197 978 uinum
1218 928 1287 979 bibit
1303 934 1379 995 quam

278 1006 379 1059 habuit.
415 1005 536 1058 Vendat.
849 1002 1065 1067 remiges—Posi
1085 1003 1152 1068 ciac]
1187 1005 1253 1056 Nam
1287 1007 1383 1070 cuique

311 1090 344 1136 47
361 1082 538 1149 dicordiam
568 1081 812 1135 Ebibeudoeahauv
849 1079 964 1130 conviva
981 1082 1103 1144 poculrm
1122 1082 1149 1130 iu
1166 1095 1256 1131 mensa
1270 1083 1381 1146 poneba·

279 1163 339 1213 ries.
849 1162 909 1217 tur,
933 1157 972 1206 uti
989 1159 1044 1222 Jam
1064 1156 1119 1208 t'era
1140 1159 1221 1208 etiam
1241 1159 1318 1209 moris
1340 1164 1381 1210 est

311 1243 344 1290 48
366 1240 411 1302 Et,
424 1237 479 1302 tc]
507 1234 559 1288 Qui
570 1235 638 1285 calix
650 1234 706 1298 jam
721 1237 813 1296 ruptus
849 1230 1145 1296 upaddivitesoostros.

279 1317 323 1371 ait.
345 1314 609 1365 habim-Poscentem
628 1308 731 1371 adm]
770 1308 813 1358 lbi
881 1312 914 1357 dt
935 1309 1017 1361 Alista
1030 1312 1128 1375 cosam]
1161 1313 1294 1376 Pejorear,
1312 1312 1383 1362 iode'·
1488 1372 1494 1381 ι

279 1402 355 1455 vetus
373 1392 523 1455 interpres:
552 1389 560 1417 ⁴
577 1388 638 1452 quia
656 1389 705 1436 boc
727 1387 814 1436 solent
849 1392 962 1449 coctam,
979 1390 1093 1440 crudam.
1110 1391 1276 1441 ideas-Tibi
1286 1391 1382 1455 paulo]

279 1470 376 1520 vitrum
387 1469 508 1530 solidare,
519 1466 546 1516 id
555 1471 604 1528 art,
616 1461 757 1513 maltham?
777 1462 813 1511 Et
849 1462 923 1513 Dicit
929 1464 994 1528 jam,
1000 1466 1070 1530 qood
1083 1467 1223 1518 clientibus
1234 1468 1383 1518 mihistrent

280 1546 358 1611 paulo
367 1560 446 1610 supra
456 1543 489 1594 ad
500 1541 610 1593 eundem
627 1555 745 1590 versum:
761 1539 770 1568 ⁴
783 1544 813 1588 ut
848 1539 916 1604 nigri
927 1548 956 1592 et
968 1541 1097 1594 deformes
1107 1545 1253 1609 AEthiopes,
1265 1545 1384 1596 Dominis

278 1624 365 1674 aolent
387 1623 415 1670 iu
428 1621 494 1670 arbe
511 1619 605 1668 calices
622 1615 735 1666 fractos:
757 1615 812 1666 sire
848 1630 911 1667 reru
934 1634 969 1669 ea
986 1618 1049 1670 Asia
1066 1621 1141 1684 pueri
1164 1619 1384 1673 formosissimi.-

278 1699 433 1751 caldariolas
450 1693 620 1760 componere?
644 1694 705 1743 Nou
725 1700 813 1743 tamen
851 1693 919 1759 Tibi]
935 1694 1384 1761 Clieutietpamrito.-Caraor,tfe.]

277 1776 320 1839 hic
329 1775 463 1828 luvenalis
473 1787 571 1836 sensus,
584 1771 692 1822 calicem
703 1770 813 1822 vitreum
852 1770 891 1821 Ur
902 1773 1008 1838 hopsap.
1025 1775 1108 1837 Niger
1117 1775 1240 1840 pincerna
1251 1789 1285 1824 ea
1293 1775 1384 1824 Gaetu·

278 1859 384 1917 ruptum
405 1850 496 1901 aarciri
518 1849 623 1901 solitam
648 1863 680 1899 ac
706 1848 813 1898 solidari
849 1846 885 1896 lla
904 1848 1003 1900 Africae
1025 1851 1140 1913 regione,
1160 1850 1203 1900 vel
1221 1849 1390 1914 pocillabltur

277 1930 410 1994 aulphure.
442 1927 495 1977 Sed
515 1926 611 1977 vitrum
632 1923 743 1975 fractum
762 1926 813 1975 sul·
850 1922 1120 1989 tibiuigerAEthiops.
1138 1925 1214 1976 Idem.

278 2006 363 2071 phura
373 2018 481 2069 poscere
493 2002 570 2066 dixit,
578 2001 640 2066 quia
650 1999 813 2052 vitreist'rac·
882 2007 914 2053 td
936 2005 1026 2057 Massa
1047 2003 1122 2068 aueo]
1150 2004 1292 2055 Macileuta
1308 2011 1337 2055 ut
1355 2019 1385 2056 or

183 2116 185 2119 v
278 2082 314 2133 tis
330 2079 547 2148 permutabantur
557 2078 716 2142 sulphurata.
741 2079 814 2128 Nota
851 2080 1387 2145 existimea,velputesbomiuisesscmor÷

278 2158 358 2208 etiam
369 2156 439 2221 quod
450 2156 552 2205 mlidure
568 2153 727 2205 eraclitae
746 2153 815 2205 dixit
851 2159 898 2221 tui,
909 2158 983 2223 cajus
1003 2166 1102 2222 praeter
1119 2173 1177 2209 ossa
1195 2157 1282 2207 amala
1296 2164 1386 2209 conta<

277 2232 557 2297 infimalatiuitaa,pro
570 2244 734 2296 componere.
762 2231 814 2280 Ve·
850 2234 964 2286 bocaiot.
983 2235 1057 2286 laem.

279 2307 814 2373 teribusalidoresignificavirtsoarm.—
854 2356 857 2363 r
882 2318 915 2363 54
932 2313 968 2362 Et
979 2314 1026 2373 eui,
1041 2314 1097 2378 dc]
1125 2312 1226 2374 idest,
1238 2311 1281 2361 coi
1292 2325 1345 2361 non
1354 2309 1385 2360 ιί.

281 2370 435 2450 dammam,
450 2386 503 2450 bc]
532 2388 569 2436 Ut
590 2386 684 2447 soleat,
701 2385 729 2434 iu
749 2384 814 2434 urbe
850 2387 943 2438 beuter
958 2388 1047 2438 media
1060 2394 1139 2438 nocte
1150 2401 1314 2450 occurreres,
1325 2401 1384 2437 curu

280 2468 375 2518 calices
392 2465 501 2528 fractos,
512 2464 567 2514 sive
584 2463 815 2515 caldariolascom-
851 2463 945 2515 hauris
964 2478 1013 2528 per
1032 2465 1154 2528 sepulcra
1176 2464 1225 2513 siu
1246 2464 1384 2517 Flamiuere

279 2541 531 2610 ponere-Saltum]
574 2540 626 2593 Qui
652 2541 703 2590 hoc
729 2540 815 2590 solent
850 2540 1016 2591 autLatiooe.
1040 2542 1108 2591 Nam
1126 2540 1279 2591 exstimares
1297 2559 1386 2605 aeppo-

280 2622 378 2675 vitrum
385 2621 507 2685 solidare,
514 2620 598 2683 idest,
605 2618 723 2671 multare.
760 2619 815 2677 Vct,
850 2614 955 2679 λύκειον,
974 2618 1069 2668 mortui
1085 2616 1210 2680 umbram,
1221 2617 1384 2681 phantasma,

283 2695 340 2753 Sci.
851 2693 1003 2745 velasseum
1017 2698 1150 2756 spectrum
1165 2706 1231 2743 esse.
1263 2694 1314 2742 Vel
1325 2693 1386 2757 quia

313 2778 346 2823 49
364 2773 394 2823 Si
403 2771 547 2834 etomcchra]
566 2772 599 2822 Id
610 2777 660 2834 est,
675 2772 697 2822 si
714 2771 816 2823 luxuria
851 2769 971 2833 AEthiupa
983 2770 1158 2832 inauspicatos
1171 2775 1200 2819 et
1211 2768 1273 2825 mali
1283 2769 1386 2819 ominis.

280 2856 310 2900 et
320 2850 399 2902 nimia
415 2849 616 2914 ingurgitatione
628 2849 681 2900 cibi
697 2855 726 2899 et
738 2857 815 2912 potus
852 2846 929 2896 Unde
957 2847 1079 2911 proverb.
1119 2846 1168 2902 Qui
1194 2850 1218 2894 tc
1240 2844 1388 2909 coaapmrit

279 2923 382 2976 ferveat
393 2927 435 2976 vel
449 2925 587 2974 incaluerit
608 2925 755 2975 stomachus
772 2923 815 2974 vel
851 2924 978 2986 agomaro
987 2938 1069 2986 capere
1078 2924 1175 2986 poterit.
1192 2922 1386 2973 umorve

279 3003 440 3059 uentriculos
451 3003 555 3066 patroni
565 3001 604 3050 sui
614 3001 739 3051 Virronis.
851 3001 928 3051 Miac.
939 3016 962 3053 c.
975 3006 998 3052 l.
1018 3001 1138 3052 lhmebus
1157 3013 1207 3050 xv.
1219 3004 1260 3050 24.

313 3084 345 3130 50
360 3079 496 3142 Frigidior,
512 3078 566 3142 isc]
585 3077 661 3143 Aqua
678 3079 745 3128 enim
756 3083 816 3141 post
883 3082 915 3127 bb
941 3077 1051 3141 Cliooeoe]
1079 3077 1112 3128 ld
1134 3084 1183 3141 est,
1203 3073 1384 3127 dumreheris

280 3155 460 3209 decoctionem
470 3155 553 3218 magis
565 3155 646 3218 alget,
654 3160 683 3205 et
693 3154 767 3204 Nero
777 3154 815 3203 iu·
851 3152 936 3205 ucetia
947 3160 1067 3218 tempore
1076 3168 1125 3219 per
1142 3153 1264 3217 sepulcra
1274 3151 1326 3201 viae
1338 3151 1386 3200 ha·

280 3246 359 3298 super
373 3230 510 3283 decoctam
521 3245 592 3278 arram
609 3231 690 3279 multa
700 3229 760 3278 nive
778 3230 816 3278 in·
852 3230 925 3293 tiuae,
937 3231 1049 3295 clivosae,
1066 3238 1095 3281 et
1105 3230 1238 3295 inaequalis
1251 3228 1285 3277 ob
1296 3226 1385 3279 elisua.

281 3304 618 3370 eludebat—Prusiadam]
641 3304 733 3366 idest,
749 3304 815 3363 uiui:
852 3305 920 3356 Vide
932 3312 956 3356 1.
974 3307 1059 3371 Satyr.
1071 3308 1098 3356 iu
1109 3307 1191 3357 ealce.
1213 3306 1290 3356 Idem.

280 3383 338 3447 has,
346 3399 405 3449 quae
419 3391 553 3448 perpetuae
565 3382 591 3432 in
607 3381 738 3431 altissimis
749 3382 814 3444 Scy·
884 3387 918 3432 56
928 3382 1066 3446 FlosAaiae]
1076 3382 1207 3447 Apodoais
1216 3380 1385 3431 dissimilium

282 3459 345 3509 thim
367 3458 498 3510 montibus
523 3473 554 3508 ac
582 3458 703 3520 scopulis.
747 3457 815 3509 Erat
852 3458 1057 3522 Ideatcoutrm
1073 3458 1262 3523 pulcherrimus
1274 3460 1386 3521 poer,et

280 3541 368 3587 autem
379 3533 502 3597 Scythica
521 3532 593 3596 regio
610 3531 776 3597 frigidissima
786 3538 816 3595 et
852 3537 926 3603 quasi
937 3535 984 3589 flos
1000 3551 1033 3586 ex
1044 3535 1108 3586 Asia
1125 3542 1186 3585 aute
1200 3535 1284 3598 ipsum
1299 3534 1386 3583 Virro·

281 3608 503 3673 septentrionalis.
518 3609 568 3658 Vel
575 3608 738 3672 simpliciter,
748 3608 815 3661 nivis
852 3627 912 3662 nem
933 3614 1025 3674 stabit,
1054 3620 1083 3663 et
1094 3658 1098 3663 .
1109 3611 1283 3672 ministrabit3
1305 3609 1387 3675 qualia

280 3685 410 3750 Scythica
436 3687 543 3735 aemula'
585 3685 728 3748 Graugarus
751 3686 816 3750 legit
851 3689 913 3742 dori
921 3696 1011 3753 raptus
1023 3688 1326 3753 Ganymedes-Pretio,
1335 3683 1388 3750 tra]

283 3761 390 3813 Geticis:
424 3763 493 3826 quod
521 3761 611 3812 eodem
635 3762 740 3824 recidit,
755 3778 815 3815 nam
852 3766 944 3831 Idest,
955 3766 1001 3832 qui
1012 3781 1077 3830 puer
1092 3765 1184 3828 mnjori
1199 3764 1286 3827 pretio
1304 3768 1386 3813 emtus

280 3839 380 3905 ipbcroi
404 3839 473 3889 Getoe
494 3839 560 3889 dicti
581 3840 728 3904 Propertio,
754 3846 815 3890 suut
852 3840 1013 3907 fuit,⁴quam
1040 3841 1153 3893 omnium
1181 3847 1282 3904 septem
1299 3854 1386 3903 regum

281 3916 504 3982 populiScythiae.
521 3915 816 3981 Dabin.-Petitar,dsc.]
854 3919 1028 3968 Romanorum
1051 3918 1217 3982 pauperculae
1243 3932 1306 3980 opes
1332 3914 1386 3964 fue·

280 3990 408 4043 Adfertur
419 3993 471 4057 ipsi
489 3991 602 4042 Domino
618 4008 686 4057 aqua
696 3993 815 4043 decocta.
854 3999 924 4044 runt.
943 3993 1178 4056 Idem.-Floa,ire.]
1199 3994 1314 4042 Pulcher
1323 4005 1387 4055 puer

281 4069 395 4119 Neronis
412 4068 545 4120 inventum
564 4067 613 4118 fuit
630 4084 721 4133 aquam
739 4067 815 4119 deco·
853 4069 975 4134 Asianus,
1007 4086 1068 4123 caro
1099 4071 1183 4135 pretio
1211 4074 1388 4133 comparatus.

282 4163 371 4213 quere,
402 4148 521 4213 vitroque
543 4146 678 4198 demissam
696 4148 723 4205 iu
743 4146 816 4196 nives
859 4148 980 4199 VetSclr.

190 4262 192 4266 a
281 4222 445 4287 retrlgerarc.
487 4224 556 4293 Plio.
585 4237 667 4275 xxxi.
686 4227 710 4275 3.
744 4224 817 4276 Suet.
886 4229 917 4275 67
942 4226 1028 4288 Quam,
1047 4225 1099 4289 tra]
1137 4222 1169 4275 Id
1189 4228 1240 4285 est,
1260 4236 1323 4285 opes
1345 4221 1387 4273 uel

283 4300 382 4357 Neron.
394 4306 434 4351 48.
446 4315 505 4364 cap.
854 4299 999 4351 substantia
1020 4300 1090 4349 Tulli
1109 4296 1217 4349 Hostilii
1240 4298 1310 4348 illius
1335 4299 1387 4355 heb,

315 4375 523 4439 tilionacum]
551 4377 584 4428 ld
601 4384 651 4444 est,
665 4378 826 4459 pauloante
848 4375 936 4459 dicari,
960 4376 1004 4442 qui
1023 4374 1118 4427 Albam
1140 4373 1262 4440 subegit3
1294 4373 1387 4443 tertius
