3084 4934
247 302 319 387 844
524 398 527 401 Δ
606 319 715 371 noun
741 320 942 375 naumann
965 323 1007 379 tu

247 466 451 533 conuaqoantis
460 464 585 519 molestiis
601 473 630 518 41
645 465 783 519 difficulta-
817 467 871 532 ira]
888 468 922 519 Id
941 473 992 533 est,
1011 467 1141 520 contrad
1158 480 1205 521 nos
1222 466 1355 524 tenuium

248 546 319 598 tibus
335 546 476 609 tenuiores,
494 544 597 609 pedites
611 544 779 595 incedentes:
819 546 905 610 aliquo
921 562 1098 612 properemus,
1117 548 1203 612 turba,
1216 565 1277 614 quaa
1293 557 1358 602 anta

247 625 275 676 in
294 626 388 689 plateis
403 631 562 689 premantur,
578 624 600 675 al
621 622 689 675 forte
705 624 781 675 diviti
818 638 865 675 nos
884 632 934 691 est,
955 626 1002 676 illa
1020 627 1093 677 nobis
1104 629 1202 692 obstat,
1216 644 1277 695 quae
1293 635 1359 696 post

248 701 334 768 aliqum
343 702 454 751 cundum
465 703 509 764 sit,
519 703 557 751 ita
568 703 718 766 postulante
727 698 782 750 offi·
819 716 876 766 nos,
888 703 932 753 illa
942 719 989 754 nos
1008 706 1105 769 premit
1120 713 1149 756 et
1167 707 1287 758 molestia
1299 705 1357 758 affit

247 776 299 829 cio.
323 776 568 843 laabim-Officium]
596 775 740 841 Significat,
759 775 781 825 si
819 777 862 830 cit
892 779 1097 847 idm-oona,
1119 783 1173 847 da]
1206 784 1284 835 Unda
1306 799 1355 849 pro

248 854 282 904 ad
301 852 413 904 officinm
432 856 579 919 nuptiarum
590 854 664 903 dives
673 859 780 903 vocatus
817 856 922 921 populo,
941 857 974 906 ad
996 859 1100 910 modum
1122 861 1198 911 undae
1219 858 1358 921 diffluente

247 937 298 995 est,
309 932 395 982 autad
407 932 483 982 aliam
494 931 684 993 celebritatem,
693 931 736 980 vel
747 929 781 979 ad
819 933 901 989 turbu
911 935 985 999 quasi
1000 934 1072 986 fluxu
1087 943 1116 987 et
1134 935 1245 1002 refluxu,
1254 938 1298 987 rel
1310 951 1356 1002 po·

246 1009 352 1074 aliquod
370 1009 502 1074 negotium
521 1008 652 1073 publicum
667 1014 713 1056 aut
729 1006 782 1071 pri·
818 1012 873 1075 poli
890 1014 1055 1066 multitudine
1067 1017 1160 1067 stantis
1178 1016 1211 1067 ad
1230 1015 1355 1069 offlam

246 1092 351 1137 vatum:
369 1087 396 1136 in
406 1086 446 1136 bis
463 1086 531 1136 enirn
550 1098 668 1150 persaepe
686 1097 782 1134 nomen
819 1088 878 1138 Nisi
887 1090 1022 1155 legendum
1034 1093 1203 1157 potiustorbo
1209 1093 1287 1158 prior.

246 1161 325 1215 officii
348 1164 410 1227 poni
441 1154 515 1213 solet.
558 1160 658 1212 114441.
684 1174 712 1209 x.
736 1164 778 1209 27.
850 1170 899 1219 244
915 1169 1009 1219 prm
1027 1171 1133 1234 mm]
1151 1171 1278 1235 Impellit,
1295 1183 1358 1232 pre.

247 1239 382 1304 Eiusmodi
394 1238 506 1295 officinm
523 1237 639 1303 appellat
651 1236 781 1286 Martialis
817 1242 874 1306 mit,
884 1249 970 1307 urget,
977 1245 1143 1295 multitudine
1153 1246 1304 1311 agminatim
1315 1245 1356 1297 in.

246 1330 351 1381 operam
361 1323 484 1381 togatam.
502 1312 781 1377 Gaura—liuhais]
817 1319 937 1383 cedente,
955 1335 971 1371 a
991 1320 1078 1372 fronte
1096 1323 1354 1387 4114434144.-

245 1394 279 1444 In
289 1394 385 1445 lectica
394 1395 437 1445 vel
452 1394 517 1443 sella
532 1395 684 1455 gestatus,a
700 1389 780 1439 servis
817 1394 927 1459 Lousios,
949 1398 967 1447 i.
987 1413 1011 1449 e.
1034 1399 1256 1451 dorsum—Uada
1272 1398 1355 1464 prior}

245 1473 348 1537 bajulis,
368 1473 447 1538 idque
470 1471 540 1540 omni
570 1470 665 1534 populo
694 1469 778 1518 locum
816 1469 913 1538 Populi
924 1475 1062 1526 multitudo
1074 1477 1168 1527 stantis
1185 1475 1353 1527 adofficium.

246 1550 334 1612 dante,
345 1556 438 1614 utpote
449 1548 533 1599 diviti.
550 1544 703 1596 laabim-Si
712 1550 779 1596 44441
820 1550 871 1600 Vei.
881 1549 936 1601 Scit.

181 1653 184 1657 ·
245 1627 356 1695 effoeta]
382 1628 409 1677 Si
430 1625 544 1677 officium
574 1622 722 1677 faciendam
745 1623 780 1673 sit
849 1626 1016 1691 2441141114]
1039 1631 1111 1680 Dum
1121 1629 1243 1679 lecticam
1254 1633 1354 1694 portat,

246 1703 351 1753 Consuli
363 1719 378 1752 a
389 1704 520 1764 Pratore,
532 1700 646 1766 disponit
656 1701 699 1767 qui
712 1701 779 1750 viam
817 1717 895 1753 mauu
915 1703 948 1753 nd
971 1719 1086 1754 asserem
1106 1705 1209 1755 lecticae
1236 1705 1352 1754 4444414.

245 1772 365 1831 saciant(
390 1780 444 1831 Vel.
455 1779 511 1829 Sele.
816 1779 937 1830 -Assere
946 1781 1016 1844 duro]
1027 1782 1081 1832 Pro
1094 1783 1173 1832 amite
1181 1781 1294 1843 lecticae,
1302 1781 1354 1830 lec·

276 1861 325 1906 240
353 1858 388 1907 Et
406 1856 510 1919 ingenti,
535 1855 589 1919 isa]
625 1855 778 1917 liburnum,
816 1855 922 1907 ticarios
933 1857 1051 1922 intellige
1055 1875 1069 1925 ,-
1086 1860 1128 1907 vel
1138 1873 1216 1908 assem
1226 1872 1273 1921 pro
1281 1857 1351 1923 ligno

244 1947 362 1996 maguam
379 1935 499 1984 lecticam
516 1935 591 1998 dicit,
605 1937 675 2002 quasi
687 1951 778 1987 navem
816 1933 956 1998 eminente,
973 1937 1043 1999 palo,
1062 1936 1171 1999 pertica,
1191 1950 1242 2000 qua
1258 1936 1352 1987 lectica

244 2022 272 2064 et
289 2015 345 2078 ejus
365 2015 468 2078 bajulos
479 2012 616 2064 Liburnos.
650 2014 779 2064 Esteuim
816 2009 974 2062 continetur.
1014 2012 1199 2063 §iesaberu
1226 2011 1353 2077 ‘Perque

243 2090 315 2141 navis
326 2091 426 2156 species
437 2106 453 2139 a
463 2091 584 2142 Liburnis
596 2091 717 2155 populis:
735 2093 777 2141 vel
814 2084 900 2136 forum
914 2088 1027 2152 juvenes
1048 2089 1125 2153 longo
1146 2088 1242 2153 premit
1263 2102 1352 2139 msera

242 2166 359 2230 intellige
379 2167 412 2216 de
433 2167 530 2216 lectica
551 2174 579 2216 et
600 2167 741 2231 grandibus
762 2183 777 2218 e
815 2163 898 2212 duro.'
917 2162 1047 2215 Martialis
1057 2180 1160 2216 merem
1170 2178 1218 2228 pro
1229 2164 1288 2228 ipsa
1298 2164 1351 2217 lec·

242 2243 366 2292 Liburnia
382 2243 472 2303 servis,
483 2243 510 2291 id
521 2248 571 2305 est,
582 2257 597 2292 a
608 2243 749 2307 grandibus
761 2259 779 2293 e
815 2239 1351 2304 condixit.nalto.-Asmedoro]Amice*

243 2319 371 2371 Liburnia
381 2321 460 2370 servis
476 2320 616 2370 lecticariis
632 2320 658 2369 in
669 2322 777 2371 sublime
814 2318 918 2369 lecticae
926 2319 1073 2371 lecticarios
1080 2320 1217 2385 siguificat
1230 2322 1285 2372 Vct.
1292 2321 1351 2370 Sclt.

243 2397 372 2459 elevatus,
383 2411 461 2460 super
474 2412 521 2446 ora
534 2403 562 2447 et
573 2399 660 2461 capita
670 2398 777 2451 aliorum
846 2399 895 2451 246
911 2398 947 2446 At
967 2397 1014 2460 luc,
1032 2398 1085 2461 dra]
1109 2398 1218 2462 Lignum
1237 2398 1351 2461 longius,

243 2473 777 2535 41144141444444444144144114444114·
814 2472 925 2543 trabem,
946 2488 1023 2538 qnam
1046 2489 1093 2538 per
1113 2475 1228 2538 plateam
1251 2480 1349 2538 gestat,

244 2554 295 2598 tur.
313 2548 514 2612 Ludim-Super
527 2549 580 2612 orn]
601 2552 669 2599 Nam
681 2565 778 2615 paupe·
815 2548 1112 2614 tabulam—Matreium]
1131 2551 1184 2599 Vas
1207 2550 1277 2614 quod
1297 2565 1351 2601 am·

241 2642 284 2676 res
296 2627 574 2690 obviiprosternuntur
584 2630 779 2679 conculcantur·
814 2626 922 2689 phorum
939 2628 1029 2692 capit:
1055 2628 1134 2691 Capit
1153 2632 1184 2677 10
1203 2626 1350 2677 sextarios:

242 2705 330 2768 quein
342 2705 398 2753 luto
410 2702 522 2767 pedibus
539 2719 673 2754 servomm
687 2706 778 2756 etlec·
813 2703 948 2754 Sextarius
978 2705 1131 2767 ticongios.
1158 2703 1245 2754 Labie.
1288 2704 1349 2752 Vox

242 2779 549 2843 sicariorum-Libano]
565 2779 591 2830 A
601 2782 698 2832 lectica
707 2797 779 2847 mag-
814 2779 911 2830 Graeca
921 2787 962 2830 est
976 2780 1102 2845 μετρητὴς,
1117 2795 1226 2830 mensor.
1259 2778 1349 2844 Liqui-

241 2869 277 2904 na
288 2856 455 2920 Liburnatos,
471 2864 500 2906 et
516 2857 626 2908 Getulos
643 2858 778 2910 Liburnos.
815 2855 906 2907 derum
917 2863 1005 2906 autern
1016 2865 1057 2908 est
1069 2862 1192 2918 metreta,
1206 2855 1350 2907 soddorom

242 2931 313 2995 lpse,
329 2933 405 2982 tarde
428 2933 529 2983 venisse
548 2934 677 2985 Liburnos
694 2935 722 2984 in
739 2951 778 2985 se·
809 2934 967 2993 medimnus.
987 2932 1257 2998 &aug—Metroon]
1282 2933 1350 2994 Vas,

242 3008 417 3061 cundolibro.
454 3010 575 3062 Vetscb.
814 3009 882 3073 qnod
894 3010 1042 3074 ampliorem
1054 3012 1136 3074 capit.
1172 3008 1293 3060 Vetusta.
1352 3068 1355 3073 ‚

228 3108 230 3113 .
273 3089 321 3135 241
339 3089 419 3150 Atque
429 3087 514 3149 obiter,
524 3088 578 3151 isa]
595 3087 636 3137 Ibi
648 3088 674 3137 in
682 3089 777 3141 lectica
844 3089 893 3134 24⁷
910 3086 1028 3150 Pinguia,
1038 3089 1092 3152 ira]
1107 3088 1191 3151 Supp.
1208 3090 1271 3135 mat.
1289 3084 1348 3136 Cte-

242 3178 290 3214 sua
298 3170 387 3226 potest
396 3165 428 3215 ob
437 3165 496 3227 iter,
505 3162 634 3228 παρέργως,
642 3179 691 3228 per
699 3166 777 3231 riam,
812 3178 884 3225 noae,
895 3165 990 3227 turpia,
1001 3165 1264 3215 immunda-Planta
1278 3161 1349 3225 mon]

241 3255 299 3305 quae
309 3242 374 3302 vult,
386 3256 474 3305 agere,
492 3242 571 3306 idque
590 3242 686 3306 obiter,
698 3250 726 3293 et
738 3244 776 3293 in.
813 3240 937 3303 Pedibus,
947 3239 1066 3304 fortasse,
1083 3241 1197 3305 ingentis
1211 3239 1347 3304 cujusdam

240 3323 316 3366 terea
337 3317 398 3366 duna
421 3319 491 3368 illum
511 3319 598 3369 locum
620 3320 698 3384 petit,
723 3335 775 3385 qno
811 3316 904 3381 bajuli,
914 3318 956 3366 vel
969 3318 1047 3368 totius
1059 3315 1347 3368 multitudiuisconcul·

240 3399 357 3445 vocatur.
384 3395 471 3443 14114.
811 3406 866 3441 cor.

273 3471 322 3516 242
340 3469 456 3533 Namque,
463 3470 518 3533 ise]
529 3472 624 3521 Clausa
631 3479 689 3523 erat
701 3471 775 3522 undi-
843 3472 892 3519 248
909 3469 945 3517 Et
961 3471 986 3518 io
997 3469 1074 3531 digito
1093 3471 1180 3530 claun,
1198 3466 1253 3531 isa]
1278 3467 1303 3519 1.
1320 3482 1346 3518 c.

241 3557 292 3607 qne
303 3544 408 3607 lectica,
418 3546 467 3594 nisi
484 3549 554 3610 quud
570 3546 693 3598 fenestra
704 3563 776 3612 qnae·
811 3547 920 3599 Calceus
932 3548 1020 3597 muris
1030 3549 1122 3599 ,clavis
1132 3546 1249 3609 suffixus,
1260 3547 1303 3597 vel
1314 3546 1347 3596 ti·

240 3617 338 3668 damin
348 3634 381 3668 ea
392 3621 424 3674 ad
438 3628 615 3685 prospectum.
647 3622 772 3687 Eueipsae
810 3624 878 3674 biale
897 3626 1028 3677 emensum
1058 3626 1158 3686 militis,
1187 3623 1230 3674 vel
1259 3623 1346 3673 calcat·
1436 3684 1448 3693 1

240 3694 309 3756 velo,
329 3694 434 3759 plagula
450 3697 585 3747 lecticaris
612 3697 667 3747 sive
692 3699 774 3748 linteo
811 3700 910 3751 ocreati
924 3700 1030 3767 peditis,
1038 3701 1083 3765 qui
1093 3700 1133 3750 bic
1142 3702 1169 3750 in
1178 3699 1255 3750 turba
1263 3698 1350 3761 adest,

240 3770 407 3836 tegebantur,
419 3774 487 3838 quod
496 3773 626 3824 dimovere
637 3790 683 3825 seu
693 3776 773 3825 dedu·
811 3774 893 3840 digito
915 3777 989 3840 pedis
1011 3778 1063 3827 mei
1089 3776 1212 3840 infigitur.
1245 3773 1346 3825 Mditea

240 3860 300 3897 cere
311 3848 417 3912 licebat,
429 3865 476 3912 pro
489 3851 621 3901 voluntate
631 3852 709 3902 vecti.
734 3852 772 3902 Id.
810 3851 949 3905 utebantur
962 3854 989 3903 in
1006 3854 1140 3905 tibialibus
1155 3851 1243 3902 multis
1262 3851 1345 3901 clavis

272 3928 321 3974 243
337 3926 469 3988 dotata]
488 3926 653 3978 EstTmesis.
678 3928 710 3977 Id
722 3935 777 3988 est,
810 3926 953 3992 fabricatis,
969 3930 1035 3979 unde
1054 3931 1159 3979 clavata
1178 3928 1343 3989 vestimenta,

239 4001 284 4050 ille
305 4002 422 4066 studens,
438 4006 537 4068 legens,
561 4006 687 4069 scribens,
715 4006 772 4056 dor·
811 4004 1226 4059 autcalceamentaclevisinfiaa.
1243 4012 1273 4055 nt
1286 4005 1343 4055 Sat.

240 4077 330 4141 uniens,
346 4080 433 4147 citius,
456 4095 496 4142 eo,
517 4096 569 4145 quo
591 4083 661 4131 volet
680 4096 771 4145 pervc·
811 4079 1341 4144 ult.‘Cun1duocrurababeas,offendere

240 4152 311 4215 aiet3
322 4169 397 4218 quam
405 4170 451 4205 nos
461 4159 601 4219 tenuiores,
610 4159 651 4209 rel
660 4158 771 4207 maxime
810 4164 851 4208 tot
862 4158 966 4224 caligas,
976 4163 1017 4210 tot
1027 4159 1113 4209 Millia
1122 4156 1272 4210 clavorum!
1290 4155 1341 4207 Lu·

240 4224 405 4301 festinantes,
422 4233 481 4296 qnia
498 4234 523 4284 ci
541 4235 771 4295 ceduno—Nobis,
808 4233 856 4285 bia.
