3084 4934
638 413 777 463 SATIRA
804 413 844 463 Χ.

85 534 89 539 ⁵
181 557 217 627 A
231 562 386 640 carbone,
408 565 442 626 et
455 530 652 646 forcipibus,
662 558 869 642 gladiosque
883 562 1020 640 parante

182 662 322 741 Incude,
345 670 378 729 et
391 663 482 728 luteo
495 648 650 729 Vulcano
666 661 709 727 ad
722 661 854 729 rhetora
869 661 969 733 misit.

224 765 393 830 Bellorum
407 767 554 845 exuvie,
565 765 689 832 tntucis
702 766 805 832 affixa
817 764 955 848 tropaeis

181 927 233 988 bas,
249 935 274 978 et
293 930 376 979 incude
397 921 484 987 cultros
497 928 643 991 fabricante,
657 932 727 992 cipe
753 928 995 989 Valentinianum
1017 924 1145 975 illectorem
1160 922 1287 987 ablegavit.

181 993 264 1057 Spolia
284 995 389 1060 multia,
402 994 494 1046 ‘thorax
510 995 657 1046 dammis
673 993 769 1057 tropeo
783 1006 913 1057 nepem,
933 995 1004 1056 etque
1018 991 1142 1042 buconia
1158 997 1288 1055 tegmeue

647 1134 823 1157 maemaeme

179 1230 223 1289 68.
256 1238 307 1287 luto
322 1242 364 1287 ot.
376 1230 415 1288 lb.
428 1253 460 1287 ex
477 1234 599 1288 emendat
618 1238 720 1288 Britan.
732 1246 759 1288 et
769 1239 803 1288 al.
836 1242 866 1286 ut
875 1235 909 1286 sit
926 1234 961 1284 id.
979 1228 1022 1299 qd.
1044 1227 1288 1294 lateo,pr1masyll.

180 1303 267 1367 longa,
284 1304 360 1353 etsie
371 1312 454 1355 metro
466 1305 705 1354 consolatore—13⁸
721 1303 836 1367 trophoeis
853 1303 936 1352 17-19·
951 1302 1037 1349 *at-nt.
1054 1298 1239 1371 alb-bttffibssltil.
1259 1298 1289 1343 ttl

180 1375 210 1417 et
221 1369 303 1417 nostri
315 1369 400 1431 poeta
412 1370 489 1433 vulgo
502 1370 626 1432 Trepidis
636 1369 736 1418 dicunt.
769 1368 823 1418 Sed
832 1365 944 1431 τρόπαιον
954 1364 996 1413 vel
1011 1365 1123 1436 speratos
1133 1359 1228 1410 dicitur
1237 1371 1291 1434 mo·

180 1433 324 1483 nimentum
332 1436 373 1492 res
385 1436 432 1482 τῶν
443 1435 532 1497 ἐχθρῶν
541 1434 637 1496 τροπῆς,
653 1433 839 1495 conversionis,
855 1433 913 1482 h.e.
928 1428 997 1492 fuga
1014 1430 1135 1489 bostrum,
1150 1424 1218 1490 qnod
1234 1437 1289 1472 vre-

180 1498 256 1547 toriee
267 1498 443 1562 significandae
455 1514 533 1550 causa
543 1500 570 1548 in
580 1500 637 1563 ipso
649 1515 745 1564 pugnae
755 1498 814 1549 loeo
825 1498 984 1562 erigebatur,
1000 1492 1101 1558 superb
1111 1498 1139 1542 et
1154 1484 1290 1552 morde·-

683 1650 790 1703 NOTAE

179 1764 217 1813 lix
228 1766 420 1818 Demosthenes
432 1768 501 1835 quod
512 1770 716 1833 insiguisorator
755 1775 785 1817 ut
815 1766 882 1815 rima
900 1762 1000 1828 syllaba
1016 1759 1191 1825 producatur:
1210 1757 1290 1808 sicet

181 1843 305 1908 evaserit,
316 1842 419 1895 futurus
427 1853 500 1896 certe
511 1845 622 1910 beatior,
632 1847 653 1896 si
663 1861 715 1903 non
753 1782 826 1897 trah.
837 1858 869 1894 11.
879 1847 921 1893 26.
937 1857 953 1890 a
968 1841 1027 1889 luce
1037 1837 1125 1887 vocari
1135 1837 1233 1886 luteum
1246 1848 1289 1884 co·

180 1920 291 1984 scholas,
307 1922 353 1971 sed
364 1920 492 1972 officinam
507 1924 589 1987 patris
598 1922 716 1988 frequen·
754 1922 837 1971 lorenr
848 1920 979 1983 opinatur.
1102 1968 1105 1972 .

182 2002 275 2060 lasset,
291 1996 434 2064 fuissetque
449 1998 571 2051 ferrarius
587 1999 670 2064 faber,
687 2006 715 2050 et
787 1995 945 2058 Adrhetoru]
961 1996 1055 2044 Iseum
1063 1991 1211 2042 Rhetoricae
1222 2003 1289 2053 prae·

181 2074 329 2137 gladiorum
339 2075 448 2126 artifex:
754 2081 892 2140 ceptorem
903 2073 966 2123 adiit
978 2071 1128 2133 audivitque
1140 2067 1291 2117 Demosthe·

213 2149 302 2212 Pater]
338 2152 494 2203 Plutarchus
516 2151 600 2203 refert
619 2153 716 2202 Dento-
755 2169 812 2215 nes,
830 2158 906 2216 patre
921 2151 978 2214 jam
989 2154 1101 2197 mortuo.
1134 2144 1290 2194 Canentem

180 2227 279 2277 athenis
292 2234 393 2291 patrem
410 2229 546 2280 honestum
554 2230 672 2294 inprimis
684 2243 715 2278 ac
755 2245 807 2280 non
828 2243 857 2278 se
878 2224 1020 2277 contulerit
1036 2221 1070 2272 ed
1090 2221 1232 2270 Isocratem
1243 2218 1289 2284 qai

182 2304 294 2369 probum
305 2307 388 2355 virum
399 2307 527 2358 extitisse.
551 2307 662 2358 Athenis
671 2322 715 2356 au·
754 2315 818 2359 tuuc
830 2304 959 2356 florebat?
983 2302 1063 2352 Forte
1077 2299 1145 2364 quod
1157 2311 1208 2347 non
1220 2296 1291 2344 vale-

181 2387 237 2431 tem
258 2383 390 2447 egregiam
421 2385 564 2447 gladiorum
586 2382 715 2434 officinam
759 2393 800 2438 ret
811 2391 910 2436 tautam
926 2382 1027 2431 solvere
1037 2376 1194 2437 mercedem,
1211 2387 1291 2438 quan·

180 2461 272 2510 multis
298 2460 439 2512 artificibus
464 2462 544 2512 servis
563 2463 715 2511 instructum
758 2458 1013 2523 tamilleexigebat,
1031 2469 1123 2517 nempe
1139 2453 1230 2502 decem
1246 2451 1293 2500 mi-

180 2536 312 2588 babuisse:
338 2538 481 2589 decessisse
500 2553 572 2602 vero,
588 2537 641 2588 tilio
658 2552 716 2601 sep·
758 2551 813 2591 nas.
847 2539 916 2589 Nam
928 2544 1042 2587 tutorum
1053 2529 1293 2595 negligentis-loeu-

181 2616 255 2665 tenni
273 2616 368 2669 relicto
388 2617 537 2666 abundante
551 2616 716 2681 patrimonio.
759 2618 816 2681 ples
827 2617 885 2680 ejus
897 2610 1077 2677 patrimonium
1096 2606 1151 2657 fere
1168 2604 1293 2670 perierat.

181 2691 271 2740 valer.
289 2692 397 2741 Maxim.
418 2706 463 2741 ιιι.
483 2696 506 2743 4.
539 2692 638 2743 ‘Quam
664 2705 717 2740 ma·
757 2693 825 2743 Haee
836 2690 971 2741 Plutarch.

181 2771 264 2831 tiem,’
281 2767 374 2832 inquit,
390 2768 560 2833 ‘Euripides,
577 2774 623 2819 aut
639 2781 716 2834 quem
790 2773 838 2819 lat
863 2768 987 2818 Bellorum
1008 2761 1110 2825 exunioe]
1149 2757 1292 2829 Exitiosanr

182 2850 285 2910 patrem
301 2845 492 2896 Demosthenes
504 2846 634 2909 habuerit,
651 2846 718 2909 ipso·
758 2860 859 2912 quoque
869 2835 1238 2900 demonstratbellicaegloriee
1248 2847 1292 2884 cu·

182 2936 239 2971 rum
252 2937 353 2988 qnoque
365 2923 459 2972 saeculo
470 2923 587 2986 ignotum
596 2920 663 2972 fuit:
682 2923 718 2970 al-
757 2922 904 2989 piditstem.
987 2980 990 2983 ¹

134 3008 139 3011 '
183 3000 264 3050 terius
285 3006 372 3051 autem
391 3005 501 3050 matrem
518 3001 598 3064 olera,
612 2999 717 3048 alterius
793 2999 894 3051 Transis
914 2998 988 3063 affixo
1016 2988 1122 3054 lwpoeit]
1155 2988 1293 3069 T¹⁰llael¹¹¹¹

182 3085 285 3142 patrem
297 3077 418 3129 cultellos
429 3076 590 3139 venditasse,
605 3075 718 3125 omnium
757 3075 894 3140 erigebant
906 3075 1017 3122 victores
1031 3069 1058 3117 in
1068 3066 1154 3130 aliquo
1166 3062 1265 3112 tumulo
1278 3074 1294 3109 e

182 3169 258 3220 paene
270 3154 405 3204 doctorum
417 3155 501 3204 literae
513 3152 667 3217 loquuntur!
757 3152 836 3203 ramis
847 3151 976 3208 arborum,
984 3154 1013 3195 et
1024 3159 1057 3193 ex
1066 3142 1099 3191 iis
1109 3139 1223 3189 hostium
1235 3149 1294 3199 spo·

131 3273 134 3276 Α
183 3270 186 3277 .
214 3229 718 3296 131Forsiptbus]ExNonioMarcetto,
757 3229 793 3281 lia
805 3225 1006 3292 suspendebant,
1023 3227 1051 3270 et
1062 3233 1094 3268 eo
1106 3215 1210 3282 quidem
1224 3214 1294 3301 ¹⁰.⁶⁰'

180 3318 211 3360 et
225 3310 294 3373 aliis,
312 3309 501 3371 smmuidem
518 3313 560 3357 est
578 3307 648 3373 quod
660 3308 718 3356 ccli·
758 3307 803 3357 ubi
813 3305 882 3355 versi
893 3304 920 3352 in
932 3300 1018 3364 frigam
1027 3297 1065 3346 illi
1074 3294 1188 3344 fuerant.
1222 3290 1294 3340 Hanc

180 3390 253 3438 dum:
270 3387 331 3438 hinc
343 3385 458 3450 forcipes
468 3386 542 3451 quasi
551 3385 664 3435 calidum
675 3400 717 3434 ca·
757 3396 851 3433 nomen
869 3379 955 3445 τροπὴ,
981 3371 1118 3426 conversio
1145 3370 1173 3419 iu
1194 3366 1293 3431 fugam.

168 3465 297 3529 pientes,
313 3462 382 3528 quod
405 3462 518 3512 candens
534 3459 635 3511 ferrum
647 3467 718 3511 teue-
757 3456 1007 3524 VirgibAEneidxr.
1017 3451 1103 3501 initio:
1115 3442 1294 3497 ‘VotsDeunt

182 3549 236 3594 ant.
269 3538 551 3606 VirgilAEoeidvur.
575 3539 718 3588 ‘Versant-
747 3538 842 3602 -prinro
864 3536 947 3584 victor
964 3529 1083 3582 solvebat
1101 3527 1172 3576 Eoo·
1199 3523 1295 3611 Ingen-

181 3633 232 3684 que
244 3618 330 3668 tenaci
340 3615 442 3680 forcipe
451 3614 578 3665 massam?
758 3621 812 3664 tem
827 3625 952 3678 quercum
972 3607 1067 3659 decisis
1085 3603 1201 3669 undique
1216 3610 1294 3689 ramas

181 3718 184 3738 ι
214 3700 263 3746 132
279 3695 356 3744 Lateo
380 3692 493 3757 Volcano]
523 3690 548 3740 Α
568 3691 669 3741 camino
689 3694 718 3739 et
759 3689 902 3742 Constituit
918 3687 1034 3746 tumulo;
1061 3680 1242 3745 frigentiaque
1256 3691 1296 3726 m·

181 3775 252 3837 igne.
285 3771 430 3821 Vulcanum
452 3771 549 3835 quippe
567 3767 719 3817 fabulantur
759 3768 818 3816 duit
838 3780 921 3826 arma,
939 3760 1055 3814 Mezenti
1073 3758 1157 3808 Ducis
1177 3753 1295 3817 exuvias,

182 3838 270 3900 Deum
282 3848 349 3913 ignis
359 3847 507 3911 presidem,
524 3843 627 3895 fabrum
639 3845 718 3894 etiarn
759 3843 809 3893 tibi
835 3856 928 3905 magne
961 3847 1089 3904 tropeum
1112 3832 1293 3896 Bellipotens:

181 3927 311 3987 Deorum,
328 3914 408 3989 atqhe
418 3924 447 3973 in
459 3924 556 3972 Lemno
565 3920 654 3971 Insula
666 3917 719 3969 offi-
759 3928 835 3985 aptat
846 3924 963 3970 rorantes
975 3914 1100 3987 sanguine
1110 3906 1295 3971 cristae-Teta-

183 4004 268 4054 cinam
279 4003 387 4065 habere,
403 4001 448 4051 ubi
459 3998 583 4051 ministris
599 3998 719 4063 Cyclopi·
759 4013 811 4064 que
819 4005 914 4048 nauca
924 3994 981 4058 viri,
991 3999 1019 4043 et
1031 3991 1068 4042 bis
1080 3998 1126 4040 sex
1134 3990 1296 4047 thoracape·

185 4077 233 4129 bns
242 4079 305 4131 Jovi
314 4077 423 4133 fulmina
435 4076 588 4127 fabricetur.
759 4076 838 4124 titum
856 4071 1058 4135 Perfossurnque
1070 4067 1145 4127 locis,
1163 4064 1295 4127 clypeum·

184 4176 203 4193 ‚,
216 4154 305 4218 Luco]
331 4155 391 4217 Vel,
410 4160 476 4217 atro,
506 4152 627 4217 deformi,
646 4167 720 4217 sque·
759 4164 811 4217 que
826 4164 860 4199 ex
875 4162 927 4198 sere
942 4146 1054 4196 sinistrae
1071 4141 1200 4205 Subiigst,
1216 4144 1296 4204 atque

187 4222 250 4294 hdo,
263 4233 355 4298 quales
366 4229 450 4283 ferme
462 4229 549 4293 Fabri,
565 4244 580 4279 e
597 4229 719 4293 carbone,
759 4240 847 4277 ensem
859 4225 927 4278 collo
937 4220 1072 4290 suspendit
1082 4215 1234 4284 eburnam’,

185 4305 303 4375 rulime,
319 4307 418 4363 semim
427 4316 447 4356 :³
459 4306 510 4383 vei.
517 4303 574 4356 rufo
591 4304 722 4370 lucidiori,
762 4338 775 4348 -
