3084 4934
273 367 339 434 828
624 385 732 434 norm
756 385 959 435 vinionurr
983 385 1023 435 m

274 527 324 578 diis
337 528 493 579 naturaliter
509 536 579 595 epta.
613 530 694 582 Natio
711 532 805 582 Graeca
843 531 1083 595 sanitatissignum,
1093 536 1181 580 utrius
1196 530 1230 581 de
1246 534 1375 581 sternuta-

272 607 350 670 plane
364 612 406 655 ert
420 606 532 669 mimica,
548 608 654 658 comice.
688 610 805 659 Damnat
843 610 964 659 tionibus.
993 608 1050 658 Nisi
1062 605 1131 656 sorte
1139 607 1181 656 iric
1189 608 1221 656 de
1231 607 1375 672 posteriore

273 684 805 752 antemnis,iltorumadulationes‚inqui-
842 696 918 736 ructn
934 689 1083 751 loquantur,
1099 700 1192 750 nempe
1211 686 1245 736 de
1264 687 1374 749 crepitu.

274 761 321 810 bns
332 762 480 811 histrionice
491 769 519 811 et
529 763 632 812 mimica
643 765 752 814 multum
764 779 806 813 va·
844 765 960 814 Dicimus
978 772 1063 814 utitem
1074 767 1149 819 neto,
1165 771 1198 824 ut
1206 764 1332 825 hocloco,
1347 768 1375 811 et

273 838 319 888 let
352 839 434 888 Natio
446 853 493 902 pro
504 853 600 902 genere
609 846 636 889 et
647 847 720 890 secta
729 841 805 889 sumi·
843 840 1097 891 ructon—Sirenum
1104 840 1204 904 nutrit]
1219 839 1375 889 Veluticnm

273 915 456 968 tun-Rider?
470 917 568 980 majore]
582 914 699 978 ’ὴίλαςς
719 917 766 979 lyd
782 918 804 967 δ’
843 917 1021 978 admiratione,
1032 916 1104 966 dicare
1114 915 1237 976 1111111101.
1265 915 1375 965 Parrha·

272 988 410 1054 ἐξέθνῃσκον
419 990 518 1054 γέλωτι.
541 994 559 1046 J
562 1002 624 1043 urta
632 995 696 1043 illud
704 995 805 1044 Teren·
842 995 895 1043 sius
905 994 988 1057 Epist.
998 997 1039 1042 36.
1057 993 1128 1056 legit,
1138 992 1168 1041 Si
1178 994 1263 1042 lectum
1271 992 1375 1041 minuit:

271 1068 386 1118 1111111111
404 1069 507 1134 ‘Negat
516 1070 583 1135 quis,
592 1084 673 1134 nego;
690 1072 735 1131 ait,
744 1071 805 1135 ajo!
843 1071 939 1135 idest,
960 1072 1095 1120 culcitram
1117 1070 1286 1120 trit-linerent.
1330 1070 1374 1119 Sic

271 1146 401 1211 ‘Magnas
420 1162 484 1197 vero
505 1147 602 1212 gratias
619 1163 696 1213 agere
717 1148 805 1197 mihil’
842 1148 935 1196 Hornt.
946 1148 963 1195 l.
973 1161 992 1196 1.
1002 1161 1077 1197 serm.
1086 1151 1110 1197 t.
1139 1145 1376 1196 ‘Commimritlee-

272 1225 350 1289 Resp.
359 1226 475 1277 Gnatho:
493 1228 737 1292 ‘Ingentes’ldem
754 1229 804 1278 Cs-
843 1221 1112 1289 tumpotus.’Funrulr.
1130 1223 1375 1287 liemmprorectc.

271 1301 378 1352 chintius
388 1310 430 1353 est
440 1318 500 1353 rum
512 1318 584 1364 voce,
597 1305 664 1354 risus
674 1303 788 1356 effusior.
875 1304 923 1350 108
939 1299 970 1348 Si
979 1301 1059 1358 trullo,
1069 1300 1123 1364 tra]
1145 1299 1233 1348 Missis
1247 1299 1375 1363 interpre-

305 1383 352 1429 101
372 1381 592 1446 iirtsilurrymus]
605 1381 698 1442 Idest3
711 1382 805 1434 Quam-
843 1384 898 1428 rum
915 1377 1057 1439 insomniis,
1076 1377 1138 1426 lraee'
1150 1377 1188 1427 ita
1202 1377 1337 1440 intellige,
1353 1377 1374 1426 si

271 1457 311 1508 vis
329 1472 380 1506 non
400 1459 496 1522 doleat,
521 1464 609 1508 tamen
628 1456 691 1508 flere
709 1465 805 1522 potest,
843 1457 947 1504 trullam
959 1455 1011 1505 vini
1022 1454 1114 1517 ebibit,
1130 1455 1167 1504 ita
1178 1461 1208 1504 nt
1218 1453 1326 1503 fundum
1338 1454 1374 1503 in·

270 1547 330 1582 cnm
352 1535 454 1598 patroni
475 1535 515 1583 soi
538 1536 663 1599 lacrymas
683 1535 803 1598 aspexit:
842 1533 960 1595 verterit,
968 1541 996 1582 et
1007 1539 1085 1598 epoto
1097 1538 1153 1582 toto
1164 1534 1234 1596 vino,
1245 1533 1325 1582 labris
1334 1547 1374 1581 su·

272 1616 332 1659 sunt
343 1611 412 1659 enim
422 1612 505 1660 omnia
515 1611 541 1659 in
552 1626 583 1661 co
593 1612 670 1673 fictu
690 1620 720 1662 ut
731 1615 805 1663 muli·
843 1627 916 1676 gens,
927 1614 1069 1677 crepuerit,
1078 1620 1107 1664 et
1115 1612 1252 1676 strepitum
1264 1609 1373 1661 dederit.

271 1700 339 1748 eres,
355 1702 423 1752 qnae,
438 1688 494 1737 ‘Ut
504 1685 600 1739 flerent
615 1689 703 1739 oeulos
719 1690 805 1739 erudi·
842 1692 919 1742 erod
930 1689 969 1752 tit,
985 1705 1043 1740 cum
1059 1690 1116 1756 quis
1127 1692 1152 1739 in
1163 1688 1246 1738 fundo
1257 1702 1373 1752 spumam

271 1777 317 1812 ere
328 1769 404 1814 mos!
421 1765 495 1815 Idem.
842 1767 966 1831 reliquam
988 1767 1091 1816 heririre
1115 1766 1198 1829 cupit,
1226 1771 1289 1815 tunc
1317 1763 1375 1813 talis

297 1846 352 1892 ’102
369 1842 515 1906 1511111111]
532 1841 582 1892 -Ad
602 1841 740 1893 arcendum
760 1840 805 1892 fri·
841 1845 968 1907 rtrepitus
991 1844 1129 1895 excitatur.
1159 1842 1261 1892 Turseli.
1282 1854 1312 1890 x.
1332 1845 1373 1890 01.

272 1932 328 1982 gut.
345 1919 421 1970 Idem.
570 1980 572 1983 ι
841 1921 1075 1971 Aduers.Martial.
1096 1921 1156 1971 19.
1190 1919 1286 1969 Horat.
1307 1920 1324 1967 1.
1342 1931 1373 1968 11.

305 1999 352 2045 108
376 1997 473 2061 Accipit
496 1996 676 2061 Endromidrrn]
702 1997 734 2047 ld
753 2004 804 2061 est,
841 1999 895 2050 Sat.
910 2003 934 2048 1.
953 2014 1003 2064 qne
1020 1999 1165 2048 abutuntur
1183 2009 1375 2062 nonnunquam,

270 2073 379 2125 Vestem
388 2074 504 2125 villosam
515 2082 542 2124 et
553 2090 676 2137 crassam,
693 2076 766 2140 quasi
777 2083 805 2126 et
840 2075 874 2124 ed
883 2089 948 2125 onus
958 2075 1056 2125 ventris
1068 2073 1261 2139 excipiendum,
1272 2080 1304 2122 ut
1312 2073 1374 2122 Bas·

268 2150 518 2216 ipueraldealgeat.
540 2153 713 2216 Eelryemein
723 2153 804 2218 Gym·
841 2153 958 2217 snsapnd
967 2153 1082 2203 Martial.
1094 2152 1245 2202 VideVarr.
1254 2143 1373 2201 111111.

270 2225 349 2275 nasiir
360 2226 501 2277 utebantur
511 2234 571 2292 post
578 2227 695 2277 lodomru
704 2230 804 2278 exerci-
840 2229 903 2280 —Si
921 2231 995 2280 trullo
1008 2231 1111 2292 inverso,
1131 2226 1185 2291 tre]
1208 2229 1251 2277 De
1272 2241 1313 2290 eo,
1330 2225 1374 2290 qni

271 2301 405 2364 tationem,
423 2317 457 2352 ne
476 2303 574 2354 lusores
591 2302 710 2355 calefacti
731 2303 805 2353 refri-
841 2313 978 2373 postquam
985 2306 1039 2356 vini
1049 2307 1156 2356 calicem
1166 2305 1261 2367 hausit,
1268 2303 1296 2353 id
1304 2301 1373 2369 qod

271 2381 547 2444 geseoreut—AErtuo]
563 2381 596 2431 Id
617 2389 667 2443 est,
683 2383 757 2433 AEstu
776 2388 804 2433 et
840 2386 964 2435 remansit
974 2386 1012 2435 ita
1023 2385 1099 2435 elidit
1107 2384 1133 2434 111
1144 2383 1329 2449 perimentum,
1343 2385 1373 2430 nt

269 2455 364 2505 ardore
373 2457 438 2506 Solis
447 2457 585 2508 inculcata.
602 2460 805 2510 Idem-Endro-
841 2467 984 2512 renouaret.
1028 2461 1105 2513 Quod
1132 2458 1324 2510 insolentissimi
1345 2464 1373 2505 ct

267 2532 369 2596 miden]
385 2533 518 2597 Iudicem,
538 2548 589 2599 qua
610 2549 639 2585 se
659 2536 803 2600 cooperiat.
841 2539 982 2604 petulantis
994 2539 1073 2588 animi
1084 2543 1140 2589 est:
1158 2538 1196 2587 ita
1207 2543 1238 2591 nt
1251 2536 1327 2585 lodus
1338 2535 1373 2582 in·
1428 2589 1433 2598 Ι

182 2662 186 2669 .
274 2608 328 2659 Vel.
340 2609 394 2659 Sel„
841 2617 875 2666 de
892 2615 1033 2667 convivalis
1052 2613 1131 2676 foret,
1147 2628 1223 2679 quern
1240 2610 1373 2665 1101011111

267 2726 270 2730 .
304 2691 352 2737 104
372 2689 425 2737 Non
439 2704 520 2739 sum
533 2704 589 2753 ergo
603 2690 684 2754 peres]
706 2692 803 2742 Graeco
841 2693 1016 2757 appellarunt,
1029 2705 1088 2741 cum
1098 2690 1229 2740 residuum
1239 2695 1331 2752 potum
1346 2686 1372 2735 in

257 2763 337 2829 plinio.
378 2766 434 2815 Nos
455 2767 564 2816 Romani
584 2782 644 2818 cum
664 2768 803 2830 Graeculis,
841 2783 926 2818 aeneas
945 2767 1043 2832 phialas
1054 2767 1204 2832 jactarent3
1228 2765 1273 2832 qni
1291 2766 1313 2814 si
1332 2779 1372 2815 ro·

270 2841 315 2907 qni
325 2843 395 2892 omni
412 2844 469 2894 loco
484 2851 513 2893 et
529 2850 646 2908 tempore
659 2844 803 2894 adulatorie
840 2845 943 2895 nuntior
962 2850 1096 2908 creparet,
1115 2858 1143 2893 re
1154 2843 1187 2892 ab
1199 2842 1283 2892 amica
1300 2840 1372 2892 reda·

269 2927 386 2984 possunt,
414 2936 462 2986 pro
483 2923 618 2972 voluntate
644 2923 802 2971 Thrasonem
839 2923 904 2972 mari
923 2927 952 2972 et
969 2928 1060 2971 mutuo
1081 2918 1177 2971 effectu
1195 2919 1281 2969 teneri
1298 2924 1373 2982 puta·

270 3000 448 3049 suommalios
464 2994 803 3064 atquealiosvnltusindu·
839 2999 912 3049 bant.
938 2998 1131 3048 Alemoerlcx.
1163 2995 1373 3046 'l'rolladiminu-

267 3089 338 3133 ecre.
354 3075 634 3139 ludim—Meliorssn]
655 3073 803 3126 Profertur
839 3074 920 3125 tivum
937 3082 978 3125 est
992 3090 1006 3124 o
1022 3076 1098 3137 Troe,
1115 3074 1183 3123 rasis
1201 3087 1291 3138 genus.
1324 3073 1371 3122 Est

270 3151 323 3214 ille,
333 3152 379 3218 qui
392 3153 501 3217 tempori
513 3159 600 3217 potest
608 3151 715 3216 servire,
725 3160 754 3203 et
762 3166 802 3202 se·
839 3152 901 3201 alias
911 3153 991 3202 etiam
1000 3151 1087 3201 'l'rulla
1096 3151 1295 3201 instrumentum
1305 3149 1371 3213 pari·

269 3241 297 3276 se
308 3228 591 3295 111111111111111111111.Ι
838 3230 988 3285 etariorurn.
1021 3228 1187 3278 Britannicus
1201 3233 1281 3291 putat
1292 3225 1370 3275 rerba

303 3310 351 3356 106
367 3306 533 3370 adsociare]
558 3307 635 3360 Quod
654 3307 802 3358 adolatores
839 3305 947 3356 Autorls
965 3306 1003 3356 sic
1015 3304 1193 3369 intelligendu,
1204 3303 1272 3368 qood
1284 3302 1371 3352 adula-

270 3380 331 3430 dnm
350 3381 519 3443 admirantur,
539 3383 625 3433 solent
644 3380 800 3434 facere-A
840 3388 882 3431 tor
892 3389 998 3447 paratus
1014 3382 1049 3431 rit
1060 3381 1166 3431 laudare
1176 3382 1227 3430 sire
1237 3384 1303 3430 recte
1313 3379 1370 3428 mis·

265 3459 445 3525 fuciejuctorr]
464 3464 517 3515 Qui
534 3478 550 3512 11
565 3462 632 3512 facie
645 3463 733 3527 jactat
749 3479 802 3513 ma·
836 3463 881 3521 gol
890 3461 1035 3523 tiveptdalt
1052 3458 1255 3522 mflfflvhfflifflr
1265 3458 1287 3506 δί
1299 3457 1370 3506 ‘flu‘

268 3551 328 3600 nur,
336 3537 357 3586 ts
370 3539 459 3603 ntique
471 3555 547 3589 manu
558 3538 652 3590 faeiem
664 3542 736 3606 prim
747 3547 802 3592 um.
838 3551 921 3599 nureo,
937 3537 955 3585 i.
968 3553 989 3586 e.
1006 3545 1100 3586 venter
1111 3536 1220 3585 divitum
1232 3534 1307 3585 dedit
1316 3546 1370 3583 ere·

269 3615 318 3677 git,
327 3630 403 3680 qnam
414 3632 470 3665 enm
476 3617 572 3681 jactet,
580 3617 630 3667 hoc
641 3625 691 3681 eet,
698 3633 801 3668 manum
839 3612 1000 3677 pilumnoe
1019 3618 1060 3661 est
1078 3610 1203 3676 pepedit:
1223 3609 1276 3660 Alii
1295 3610 1371 3660 inter·

270 3688 303 3738 ad
324 3705 352 3739 oa
371 3689 460 3754 refert,
479 3692 573 3743 deinde
594 3707 652 3742 eam
667 3694 755 3758 jactat
774 3701 802 3744 et
839 3696 985 3755 pretantur,
994 3704 1072 3756 quom
1084 3691 1201 3754 crepitus
1209 3688 1241 3739 fit
1252 3687 1369 3739 rordlbns

269 3766 391 3832 porrigit,
398 3774 534 3833 postquam
542 3783 599 3831 eam
608 3771 738 3820 osculetur
745 3776 800 3820 est:
839 3767 889 3816 alvi
908 3767 1089 3818 decidentibus
1100 3767 1126 3815 in
1139 3767 1253 3826 trullum,
1267 3779 1318 3830 qua
1329 3778 1370 3812 ex·

162 3894 163 3897 ,
267 3849 298 3894 et
317 3843 355 3894 sic
373 3844 561 3908 quodammodo
579 3846 694 3894 osculum
716 3847 801 3910 ipsum
838 3840 990 3908 ciperentur
1006 3845 1107 3894 inverso
1123 3840 1369 3904 fundu-Simila]

264 3922 369 3986 jactare
381 3937 412 3971 ac
423 3921 556 3986 porrigere
567 3922 691 3973 creditor.
724 3925 802 3973 Manu
839 3922 867 3971 Si
878 3921 1023 3985 pepederit.
1031 3920 1120 3970 aliisie
1131 3919 1290 3982 intelligunt,
1299 3919 1320 3966 ri
1329 3931 1368 3966 aa·

269 3999 376 4048 reiterari
386 4004 410 4048 et
420 4001 524 4050 rddere
540 3999 588 4048 lroc
599 3999 731 4049 dicebant.
748 4000 801 4049 Sul·
838 3999 874 4048 111
886 4013 979 4050 aureus
989 3998 1117 4061 crepitum
1127 3995 1239 4058 dederit,
1247 3995 1367 4052 callense

269 4090 327 4126 mus.
359 4077 395 4124 Et
407 4074 466 4124 vide
476 4073 589 4124 Turneb.
601 4073 712 4124 Advers.
726 4088 747 4126 1.
759 4080 801 4125 16.
837 4091 915 4126 marm
927 4076 1022 4137 divitis.
1043 4076 1095 4125 Vct.
1107 4075 1164 4123 Soli.

290 4151 801 4214 ι10181·0111111111111111](11111111111111111
870 4157 919 4203 100
936 4150 1070 4214 Proetmec]
1085 4152 1128 4202 De
1137 4151 1287 4201 adulatione
1298 4150 1367 4200 Gru·-
1436 4162 1441 4175 ¹

269 4226 386 4288 habetur,
396 4227 515 4276 adulator
531 4240 592 4275 vero
610 4228 723 4276 ructanti
744 4242 801 4292 gra-
837 4230 953 4278 culorum
969 4227 1041 4277 foeda
1057 4217 1266 4292 hactenusrjam
1277 4226 1303 4275 in
1315 4225 1367 4274 illo·

269 4303 377 4366 tulstnr,
393 4309 421 4352 et
437 4307 539 4355 ructum
558 4302 658 4369 laudat,
678 4309 799 4369 tunquam
837 4319 893 4356 rom
923 4303 1019 4355 fredam
1035 4312 1036 4315 ’
1051 4304 1185 4355 libidinem
1219 4303 1365 4363 inretitum
