3084 4934
252 378 321 445 w
715 386 918 438 rxcunsus

254 532 647 601 comemmrw.
674 528 1364 616 Haecveroooutremcumpodtaedici,

253 637 693 719 uouemulligitucneoue
712 653 784 697 rem
805 631 1070 717 ΜΝΞ
1093 633 1363 718 intumentum

230 735 1365 822 ‚vm-mviflbmfimouifwismt,
1506 772 1509 783 ·

255 836 1365 925 mmwdmoeagutufflureummoltismtineuoi·
1506 872 1509 893 ι

255 946 356 1011 culol
385 941 1141 1026 etcmchmsutsioemopropercoumbitl
1164 943 1363 1008 curnocmt

254 1043 1365 1127 uouucituclemuresuodormieutesesomuopotiuscxcitarcut,
1507 1028 1510 1053 ¹

255 1150 434 1235 locumque
447 1149 563 1215 duruit
576 1147 763 1232 suspicioni
780 1146 938 1211 facinoris
952 1145 1043 1222 muli,
1057 1145 1112 1210 vel
1133 1165 1264 1230 megum
1278 1146 1365 1221 adeo

257 1252 458 1317 calamitatis
466 1250 594 1315 l-Sed
607 1254 724 1314 nostru
737 1267 872 1332 quoque
896 1246 997 1311 lectio
1020 1266 1087 1311 uon
1101 1249 1186 1312 setis
1200 1252 1366 1328 convenit,

256 1354 431 1419 etmireris
444 1371 520 1419 cem
541 1351 674 1416 silentio
686 1351 945 1434 praetemissun
968 1367 1044 1412 esse
1065 1351 1109 1414 ub
1133 1351 1367 1436 interpretibus

257 1470 300 1522 ec
313 1456 437 1520 nemini
449 1453 663 1538 displicuisse
683 1457 805 1534 praeter
824 1450 1076 1520 Schurzfieisch.
1090 1454 1150 1537 qui
1168 1460 1269 1532 recte,
1294 1456 1368 1538 opi·

256 1577 330 1636 nor,
343 1562 463 1636 mouet,
478 1575 545 1621 uon
557 1561 637 1639 apte
650 1556 698 1620 its
711 1554 781 1619 dici
796 1575 908 1633 omnes,
930 1558 961 1621 si
974 1559 1038 1623 soli
1051 1563 1110 1621 eut
1123 1556 1194 1621 bini
1204 1558 1269 1622 siut
1282 1558 1368 1622 intre

258 1659 444 1725 conclavia„
489 1657 582 1722 Hinc
605 1656 774 1722 emendat:
815 1653 927 1721 Tollite
949 1658 1052 1725 lumen
1075 1656 1107 1722 Ε
1129 1656 1241 1736 medio,
1265 1658 1367 1731 claues

258 1782 369 1840 omno,
382 1757 750 1846 propenemorecumdut.
773 1757 1084 1844 Athoecluugueut,
1096 1763 1253 1844 quonium
1262 1762 1367 1826 verbu

248 1867 353 1954 junge
373 1862 454 1928 ostio
474 1862 679 1947 preeceduut.
732 1859 899 1946 Equidem
922 1863 1041 1928 leviori
1061 1865 1243 1930 mutatione
1268 1883 1371 1949 repo·

258 1967 402 2033 nendum
415 1964 628 2032 crediderim:
639 1963 774 2050 jaceant
790 1965 864 2029 scil.
877 1966 912 2029 in
924 1966 1013 2032 lecto
1026 1987 1055 2032 s.
1070 1987 1199 2046 somno,
1207 1972 1241 2031 et
1254 1965 1368 2031 medis

258 2074 367 2147 nocte,
385 2066 442 2147 (od
458 2075 583 2130 corutum
604 2064 690 2152 gatti
711 2086 766 2131 vs.
788 2067 865 2132 107.
887 2088 955 2152 quo
980 2070 1192 2153 potissimum
1215 2076 1366 2153 tempore

259 2169 389 2256 aliquid
400 2170 489 2235 clam
503 2169 574 2234 fieri
587 2174 700 2252 potest
713 2188 754 2233 uc
768 2170 868 2249 solet)
881 2191 983 2235 omnes
999 2172 1129 2256 reliqui,
1144 2173 1203 2256 qui
1217 2173 1252 2235 iu
1265 2170 1368 2236 domo

259 2279 347 2351 sunt,
361 2270 543 2355 etquidem
556 2272 675 2336 remoti
690 2291 712 2337 u
726 2274 882 2338 cubiculo
893 2273 1027 2351 domiui,
1036 2295 1134 2359 prope
1148 2295 1235 2337 nemo
1250 2295 1368 2338 recem·

260 2374 329 2440 dut.
372 2372 574 2458 Coujeoturu
597 2377 707 2438 tumen
728 2374 890 2442 Sohund.
913 2377 1053 2442 arridere
1074 2381 1196 2461 potest,
1210 2378 1368 2461 quonism

259 2477 293 2542 rt
307 2486 431 2540 luceant
445 2475 552 2559 magis
561 2495 664 2560 quum
677 2476 710 2540 vl
724 2474 857 2541 clament
871 2478 1132 2546 umffldauonem
1144 2479 1287 2545 redolet:
1302 2481 1369 2543 uisi

260 2581 345 2646 forte
358 2578 485 2644 sciolus
499 2580 622 2663 aliquis
647 2580 871 2649 scholasticus
884 2583 987 2647 verbu
1000 2591 1124 2647 taceant
1145 2602 1245 2655 omme
1258 2582 1368 2649 minus

261 2684 295 2748 h.
309 2683 333 2748 l.
347 2698 528 2766 congruere
540 2682 683 2767 putavit,
698 2702 798 2767 quam
812 2682 946 2747 clament
960 2705 1073 2753 omno.

666 2976 962 2990 m

600 3196 1028 3274 EXCURSUS

669 3411 722 3464 AD
739 3414 813 3464 SAT.
831 3413 883 3464 lx.
900 3417 957 3464 121.

308 3600 354 3666 ΙΝ
391 3603 513 3682 verbis,
535 3605 591 3690 qui
613 3603 693 3669 liber
724 3628 785 3670 uon
817 3606 888 3686 erit,
923 3606 1074 3672 fraudem
1095 3606 1199 3671 lutere
1220 3607 1366 3674 arbitror.

264 3701 479 3786 Displicucre
494 3705 593 3771 etiam
608 3706 799 3786 Plathnero,
814 3711 871 3792 qui
894 3713 1002 3773 tumen
1015 3727 1107 3773 moro
1122 3728 1184 3772 suo
1200 3711 1250 3773 ita
1263 3726 1370 3793 nugu-

263 3809 334 3870 tur:
351 3804 589 3889 ‘Negligenter
602 3809 779 3875 admodum
788 3812 821 3875 in
830 3830 882 3875 vs.
892 3810 968 3876 121.
982 3812 1185 3894 interpretes,
1196 3816 1235 3874 ut
1244 3813 1368 3894 quibus
1392 3880 1394 3891 ,

263 3925 305 3969 ue
318 3910 465 3989 suspicio
479 3910 612 3991 quidem
634 3912 745 3976 mendi
767 3912 954 3976 certissimi.
1000 3910 1128 3976 Verum
1150 3911 1262 3975 dicunt
1274 3912 1368 3991 mihi,

263 4007 338 4094 quis
352 4016 417 4071 tum
433 4010 533 4073 miser
544 4031 689 4094 unquam
702 4032 828 4089 servus,
850 4014 905 4077 cui
919 3992 981 4077 uec
1003 4032 1083 4096 spes
1105 4013 1289 4077 libertatist
1312 4019 1370 4078 out

263 4107 339 4189 quie
362 4126 478 4175 sensus
501 4111 561 4174 sit:
600 4111 663 4175 llle
686 4131 811 4190 servus,
843 4113 900 4195 qui
922 4134 1090 4197 uunquam
1114 4115 1211 4193 liber,
1228 4113 1369 4181 deterior

261 4209 391 4277 serviet
414 4208 506 4279 Nom
519 4232 571 4278 ve.
585 4213 661 4279 122.
681 4214 885 4298 periphrasis
899 4217 986 4282 servi
1000 4221 1059 4282 est.
1085 4215 1161 4281 Nec
1173 4235 1254 4282 vero
1269 4215 1370 4300 culpo
