3084 4934
602 406 744 461 SATlRA
772 408 857 460 vni.

178 555 343 639 Ignoscas
356 553 502 640 populo:
524 556 746 641 populisrons
760 556 873 623 durior
884 557 994 644 hujus,

163 706 166 711 Α
179 656 252 737 Qui
267 658 368 737 sedet,
383 666 416 724 et
430 665 562 742 spectat
576 661 744 725 triscurria
759 661 989 744 patriciorum,
1221 657 1286 723 190

177 758 382 844 Planipedes
395 762 490 827 audit
505 761 641 839 Fabios,
655 761 759 825 ridere
774 767 884 847 potest
899 763 956 847 qui

177 860 422 927 Mamercorum
435 865 566 946 alapas
612 861 736 942 Quanti
750 884 813 928 sua
824 864 941 953 funera
955 863 1111 944 vendant,

178 963 272 1043 Quid
287 965 403 1030 referti
426 967 571 1031 vendunt
582 967 671 1031 nullo
685 974 822 1050 cogente
838 966 981 1046 Nerone,

177 1065 277 1131 *Nec
294 1067 446 1134 dubitant
462 1070 546 1134 celsi
560 1070 711 1153 praetoris
726 1071 866 1135 vendere
880 1071 982 1135 ludis.

180 1302 348 1353 Verumtamen
357 1319 387 1353 ue
397 1306 442 1369 ipsi
451 1321 536 1370 parem
546 1309 616 1371 plebi.
650 1309 789 1360 Enimvero
800 1308 958 1372 impudentior
968 1308 1046 1356 nultus
1054 1305 1126 1354 istim
1139 1301 1222 1367 plebia,
1231 1317 1283 1367 quo

177 1368 265 1416 assidet
276 1375 346 1432 otqate
357 1370 442 1432 aspicit
453 1371 524 1421 nimia
533 1375 642 1423 ammitte
653 1376 767 1425 notitiam
772 1391 781 1432 ;
797 1376 914 1423 amorum
931 1372 1018 1422 Fabios
1030 1370 1109 1435 pluam
1116 1368 1223 1433 peditat,
1233 1382 1285 1432 qua

177 1432 592 1502 deniquederiderecoleteolapltor
604 1439 789 1490 Mamercorum.
824 1440 890 1495 Quid
900 1438 987 1487 attinet
996 1440 1081 1499 quanto
1112 1435 1283 1483 retiorenum·

176 1500 232 1547 deut
244 1513 310 1547 mom
321 1498 436 1550 mertem?
456 1502 605 1552 Verumdorrt
623 1506 686 1554 nullo
706 1506 802 1555 Nerone
820 1505 1036 1565 erigentemque
1053 1516 1092 1550 om
1112 1501 1117 1511 ’
1151 1504 1284 1548 moenam·

175 1755 258 1800 —189
284 1753 367 1802 durior
394 1755 580 1807 tutat-190
607 1760 650 1807 De
672 1771 729 1807 voc.
748 1756 876 1806 triscurria
903 1772 929 1806 v.
946 1756 1058 1805 Excurs.
1079 1753 1113 1803 ad
1135 1752 1162 1803 h.
1184 1751 1283 1801 1.-191

176 1815 363 1881 Planlpedeaque
390 1824 431 1869 66.
459 1825 583 1872 os-loa
607 1825 703 1872 mtrem
731 1823 834 1870 rendunt
862 1826 903 1870 26.
953 1822 1057 1870 rendum
1086 1822 1126 1868 lu.
1160 1820 1285 1867 lt.-—194

175 1882 231 1929 cetri
263 1883 352 1947 recepi
377 1899 392 1933 e
420 1890 461 1936 oo.
479 1891 521 1937 66.
573 1889 637 1937 Celsi
664 1887 691 1936 in
719 1886 795 1936 libris
823 1891 926 1936 tantum
952 1900 1002 1935 non
1032 1883 1149 1934 omnibus
1180 1881 1285 1957 legitur.

175 1944 273 1996 Totum
304 1954 391 1997 tamen
417 1965 521 2001 versum
557 1953 676 2016 suspicor
702 1949 860 2016 ejiciendum
889 1959 1011 2015 tanquam
1038 1948 1184 1999 insititiam.
1228 1946 1287 1995 Pu·

174 2022 244 2060 mum
270 2013 337 2063 enirn
366 2014 503 2067 admodum
529 2018 645 2081 languet,
672 2015 793 2081 quoniam
813 2015 903 2066 eadem
926 2013 1057 2065 sententia
1080 2012 1107 2062 in
1139 2026 1177 2061 vs.
1202 2024 1283 2075 praec.

680 2144 786 2196 NOTAE

175 2245 224 2295 hoa
234 2250 393 2315 spectaculis
403 2257 431 2302 et
442 2252 643 2303 scurrilitatibus
658 2252 709 2301 Pa·
749 2249 831 2314 alapis
841 2248 993 2315 frequenter
1002 2261 1095 2298 casus.
1114 2245 1196 2295 Mart.
1207 2244 1283 2308 Epig.

176 2323 253 2373 tricio
266 2326 395 2388 pudendis
406 2343 457 2379 non
474 2330 549 2380 modo
561 2345 611 2380 non
629 2328 709 2380 offen·
749 2332 775 2378 7.
793 2328 809 2377 l
820 2340 853 2378 11.
865 2334 892 2376 et
904 2326 921 2377 1.
933 2341 960 2377 v.
971 2325 1048 2389 Epig.
1059 2327 1101 2373 61.

176 2399 263 2463 datur,
271 2403 318 2452 sed
329 2404 443 2468 gaudeat
454 2412 482 2457 et
492 2406 644 2471 applaudat.
783 2402 969 2464 Mamercorum]
1000 2401 1103 2452 Horum
1113 2398 1219 2448 illustris
1231 2396 1283 2448 Ro·

207 2482 255 2527 190
273 2480 417 2548 murana]
434 2482 466 2533 ld
478 2491 520 2534 eat
530 2484 607 2534 valde
615 2492 643 2534 et
654 2486 709 2549 pla·
749 2497 798 2531 maa
810 2480 907 2531 familia
925 2487 951 2530 et
971 2478 1042 2543 origo
1054 2493 1070 2528 a
1081 2476 1167 2527 Numa
1178 2475 1283 2538 Pompi-

174 2569 207 2605 ne
219 2556 345 2607 scurrilia.
379 2561 603 2612 Quemadmodum
612 2561 710 2611 dicitur
748 2560 785 2608 lio
795 2559 920 2618 deducta,
940 2564 1009 2609 teste
1028 2554 1173 2605 Plutarcho
1189 2552 1284 2601 invita

174 2633 366 2698 Turmogistm,
381 2644 409 2686 et
428 2637 497 2701 apud
515 2637 637 2688 Picatum
655 2638 709 2687 ilri-
749 2636 852 2686 Numae.
886 2634 939 2684 Hie
956 2632 1099 2683 enimcum
1117 2627 1283 2695 1111101111-

168 2711 222 2775 sar,
241 2712 398 2778 Trifrreifer‚
415 2717 465 2764 &a
498 2715 564 2764 Sunt
573 2714 618 2779 qni
629 2714 709 2765 velint
749 2710 912 2773 beraldum,
930 2724 1007 2759 unum
1018 2705 1285 2772 appellavitMamer·

174 2788 258 2836 notari
280 2787 396 2852 triplices
417 2790 444 2838 ln
471 2789 548 2840 Circo
568 2790 708 2854 dacnrsua;
749 2787 1023 2851 cumexPythagora
1034 2782 1096 2832 tilio.
1123 2781 1283 2831 AEmiliorum

174 2864 219 2912 aed
243 2865 384 2915 minusad
405 2881 470 2930 rem,
492 2874 581 2916 nostro
597 2867 707 2931 judicio.
749 2872 837 2915 antem
847 2871 952 2929 gentem
962 2859 1086 2913 Patriclis
1097 2858 1233 2908 admistam
1250 2856 1282 2907 ab

175 2938 342 3004 ingeniosum
355 2949 397 2992 est
415 2943 483 3006 qood
499 2942 617 3006 Scaliger
636 2944 709 3008 legit,
748 2944 794 2994 illo
812 2944 971 2995 nominatam
993 2939 1091 2990 ferunt.
1134 2935 1200 2985 Haec
1220 2934 1282 2984 Plu·

175 3017 341 3082 l'romcurrio,
358 3018 447 3083 aitqua
464 3019 516 3068 dici
533 3020 606 3083 quari
617 3021 708 3070 transt·
749 3022 831 3073 tarch.
844 3021 906 3072 ibid.
919 3019 1039 3069 AMarte
1048 3014 1150 3082 genitos
1161 3012 1206 3061 alii
1216 3008 1284 3060 affir-

174 3094 350 3143 tumacuria
371 3095 404 3144 ad
422 3094 518 3156 Ludos,
536 3108 595 3144 cnm
613 3109 708 3160 nempe
748 3105 831 3148 mant.
863 3097 933 3147 Vide
944 3094 1021 3145 Alex.
1033 3092 1067 3142 ab
1079 3090 1154 3155 Alex.
1166 3103 1193 3137 v.
1204 3094 1230 3139 «t.

173 3167 315 3238 Senatores
325 3176 354 3219 et
370 3170 481 3221 Patricii
495 3169 594 3221 fiebant
611 3186 708 3222 scurra
783 3175 929 3231 Quiritium
942 3171 1033 3233 fauere
1051 3170 1162 3230 vendant,
1173 3165 1229 3230 quid
1245 3181 1282 3216 re·

173 3245 284 3296 etlndii.
742 3252 809 3314 fert]
821 3250 892 3304 Quid
901 3247 984 3298 refert
993 3244 1062 3312 quod
1073 3245 1173 3293 luctum
1183 3241 1283 3292 habent

206 3325 253 3370 191
266 3322 409 3386 Ploripedes
416 3323 484 3372 audit
492 3322 589 3386 Fabios]
600 3323 708 3374 Nobiles
747 3343 764 3377 c
775 3325 935 3390 gladiatura?

175 3397 707 3465 quoscumqneincomoediisageutesaine
781 3405 828 3453 198
844 3395 1139 3460 Veaduntoalioeogeate]
1150 3395 1283 3460 Spoutcin

172 3471 280 3522 nonore
293 3481 405 3538 spectat.
747 3473 1283 3539 arenamdeacendunt,etvitaediscrimen

205 3549 708 3620 Planipedet]1tarocarifabolasargn·
747 3556 846 3605 adeunt
854 3555 924 3603 ultro
935 3558 963 3601 et
975 3550 1029 3600 sine
1041 3548 1151 3614 pudore.

173 3632 265 3675 mento
285 3633 313 3676 at
334 3629 437 3679 actione
458 3630 594 3680 vilissimas
616 3631 708 3681 scribit
782 3634 854 3682 Nullo
863 3635 960 3694 cogente
970 3627 1075 3690 Nerone]
1096 3628 1157 3677 Non
1169 3625 1283 3676 coactia

173 3702 306 3753 Donatus.
323 3704 546 3756 Nimiruminaliia
553 3706 708 3757 cothurnum
748 3708 879 3771 Tyranno.
907 3707 966 3756 Nec
979 3704 1047 3754 anim
1058 3703 1086 3753 id
1097 3702 1179 3766 exigit
1190 3698 1282 3751 Domi·

171 3777 317 3829 induebant
328 3791 430 3832 actores
439 3790 484 3832 aut
494 3784 586 3833 saltem
596 3797 708 3834 roccum.
748 3786 844 3847 aanor,
855 3782 924 3849 quod
931 3782 992 3832 olim
1000 3781 1082 3843 Nero,
1089 3779 1133 3844 qui
1142 3779 1283 3828 Senatores

171 3854 222 3903 Vel
231 3862 306 3907 notat
316 3857 445 3908 Patricios
455 3860 707 3923 agenteslntlreatro
747 3863 959 3929 quadringentos,
998 3858 1108 3924 Equites
1144 3861 1282 3906 sexcentos

171 3936 588 4002 personasaerrorum,qulnudis
597 3936 707 4001 pedibus
741 3940 822 4004 jussit
842 3940 869 3990 in
890 3952 970 3989 arana
988 3936 1132 3986 decertare.
1172 3933 1281 3987 Soeton.

171 4007 339 4062 incolebant.
473 4030 474 4035 ¹
491 4052 493 4055 -
747 4017 813 4068 Ner.
831 4032 854 4069 c.
866 4020 907 4067 12.
920 4013 1024 4066 Cornel.
1035 4011 1118 4061 Tacit.
1135 4007 1229 4057 Annal.
1240 4010 1281 4056 lt.

205 4089 254 4138 191
270 4087 447 4138 Mmcorara
455 4087 549 4153 dapar]
579 4090 708 4141 Quasna-
746 4094 792 4142 nbi
808 4092 910 4157 Lipsius
928 4091 1283 4155 magnammagnar

170 4159 238 4212 biles
253 4163 282 4213 in
297 4165 388 4215 servili
407 4163 707 4229 personafemntasoe·
746 4170 821 4235 legit

171 4239 237 4290 nicia
247 4241 361 4293 dominis
372 4242 503 4308 castigati,
520 4242 625 4293 ridente
641 4243 707 4293 inte·
781 4249 829 4297 1⁹⁴
841 4240 1076 4295 Needubitnnteelai
1087 4237 1210 4305 oratoru,
1227 4237 1281 4302 isc]

173 4313 336 4385 rnnpopnlo.
369 4317 707 4372 SioPaonicolosalatino
748 4323 979 4375 Nouambercunt
994 4318 1282 4386 operanaoamlocata
