3084 4934
280 349 355 443 stt
634 364 743 419 nors
766 336 969 421 runrouun
993 366 1035 420 nr

283 513 480 577 roptoapertus
491 508 820 575 est‚obiissurametrup·
857 512 1393 577 qutumetoeesms.nette-Pstotsse

282 594 383 650 tursum
400 593 428 638 et
437 587 580 638 laeerbiet.
614 588 688 638 Idem
787 614 791 621 ,
855 589 998 654 equestrem]
1011 590 1138 655 Appellat
1149 592 1242 642 sedilia
1253 594 1312 657 ipsa
1321 595 1391 647 tbee·

305 669 365 715 *tto
385 664 525 729 Venilia]
540 663 573 714 Id
585 673 636 729 est,
647 666 669 715 si
679 665 818 729 multiplex
856 666 899 728 tri,
908 665 942 716 ad
950 665 1143 721 similitudinem
1151 666 1220 725 forte
1227 670 1328 734 pulvini
1336 671 1390 734 plu-

282 741 394 799 sicutrix
403 748 432 790 et
443 749 556 805 rupturae
569 743 714 805 vestigium,
732 749 817 793 osten·
854 744 914 793 mel.
948 744 1050 795 Brites.

280 818 322 871 dit
332 819 432 869 lineum
448 817 519 868 iilum
534 821 640 870 densum
652 826 680 871 et
691 835 815 873 crassum.
887 820 1029 881 laicum
1038 821 1147 885 restra]
1164 820 1213 871 Cui
1228 835 1281 870 non
1297 836 1391 886 suppe-

281 894 317 945 Id
327 902 379 959 est,
393 896 415 945 si
433 904 542 962 ruptura
551 898 631 948 calcei
643 905 753 953 eousuta
770 898 815 961 sit,
854 900 914 947 tunt
929 897 1119 962 quadringenta
1133 897 1213 949 millia
1230 898 1391 961 sestertium,

280 985 331 1038 per
340 987 454 1025 ermenus
465 981 492 1025 et
503 989 592 1024 recens
601 973 682 1025 filum.
711 975 760 1024 Est
771 989 815 1025 au·
854 974 996 1027 secuudum
1013 975 1096 1039 legem
1111 975 1279 1025 Theatrulem
1294 974 1404 1039 Rosciis

347 1050 406 1099 talis
417 1052 593 1101 constructio:
616 1052 706 1102 Sinon
715 1064 768 1100 una
779 1051 815 1101 ci·
854 1066 912 1117 quae
923 1053 1004 1116 eavit,
1011 1067 1044 1101 ue
1053 1052 1108 1115 quis
1117 1052 1144 1100 in
1152 1065 1259 1102 numero
1271 1051 1389 1116 equitum

280 1139 313 1177 sa
326 1127 366 1176 'rix
376 1128 491 1179 ostendit
501 1143 614 1179 crassum
624 1129 672 1178 lini
681 1129 761 1194 filum,
769 1129 815 1179 ubi
853 1127 896 1192 sit,
906 1128 950 1192 qui
960 1142 1031 1178 cecc.
1044 1128 1080 1179 H.
1088 1128 1114 1178 S.
1127 1142 1178 1177 nou
1185 1126 1290 1177 babeat.
1310 1127 1390 1177 Grae·

280 1204 373 1254 runos
389 1213 525 1256 consumam
541 1213 589 1257 est.
622 1206 672 1257 Vel
691 1221 744 1256 non
763 1221 815 1257 uua
850 1197 997 1268 gisus-Et
1011 1208 1109 1256 sedeost
1124 1205 1174 1268 bie]
1199 1204 1290 1254 Poetae
1310 1205 1389 1256 Juve-

278 1280 390 1333 emetur
400 1297 434 1332 ex
445 1289 553 1333 consuto
564 1285 669 1334 vulnere
681 1289 710 1334 et
723 1288 814 1348 ruptu-
853 1282 915 1345 nali,
925 1282 967 1331 rel
978 1281 1108 1332 Umbritio
1120 1280 1177 1330 haec
1188 1280 1268 1331 verba
1278 1277 1389 1337 attribui

277 1372 316 1409 n.
342 1360 419 1411 Idem.
453 1362 688 1426 Metapliorsesta
706 1361 817 1412 vulnero
852 1356 1388 1427 possunt,eumiudignntioneetssarcasuto

279 1438 364 1488 urnis
381 1439 414 1488 ud
432 1439 513 1488 calcei
533 1439 815 1502 rupturam—Commo
852 1435 879 1484 in
888 1449 934 1489 eoa
942 1441 1135 1501 prorumpente.
1166 1433 1254 1484 Verba
1266 1433 1335 1483 euim
1345 1433 1387 1485 hio

277 1511 650 1578 mlsem]Asutriballosutus.
670 1513 812 1565 Vendebat.
851 1511 970 1575 satyrice
998 1527 1057 1562 eum
1086 1525 1184 1564 summa
1209 1509 1387 1574 indignatione

311 1592 357 1637 lot
376 1589 432 1637 Non
449 1604 505 1649 aaa,
521 1588 574 1652 isa]
601 1588 623 1640 1.
637 1605 659 1640 e.
679 1590 813 1653 iteratum,
851 1589 978 1654 subtexit,
994 1589 1067 1655 quasi
1085 1587 1214 1653 prseoouis
1226 1587 1313 1636 adhue
1325 1586 1386 1641 sint.

277 1661 386 1715 densum
397 1671 544 1714 consuturis
555 1667 703 1730 vestigium.
851 1667 931 1719 Quasi
939 1667 1023 1717 dieat:
1041 1666 1170 1716 Nimirum
1179 1678 1306 1729 pauperes
1315 1677 1385 1728 saepe

308 1743 356 1788 152
368 1740 411 1790 Nil
417 1741 593 1805 habuissetis]
603 1743 812 1807 Epiphouemate
851 1743 1005 1808 optimisriri
1016 1747 1168 1807 surgant,et
1176 1740 1386 1791 coutrasedeaut

276 1822 419 1880 exaggerat
430 1819 593 1881 paupertatis
609 1819 734 1869 miserias.
767 1819 811 1869 Sic
850 1820 892 1870 liic
914 1827 1059 1871 scortorum
1080 1819 1163 1884 pueri,
1181 1819 1208 1869 in
1223 1829 1386 1883 quocumque

274 1891 412 1945 Plautio
433 1896 543 1947 Querul.
575 1896 668 1946 ‘Huic
686 1902 812 1961 quantum
850 1893 1322 1959 prostibulouatiiiubin.-quusres‚
1331 1888 1385 1957 qa]

275 1969 409 2034 adjiciuut'
433 1971 608 2038 (paupertati)
635 1975 644 2003 ‘
664 1974 811 2037 stultitiam,
850 1971 972 2036 Othonia,
985 1986 1036 2037 qua
1049 1971 1132 2035 jussit
1148 1985 1203 2033 eos,
1219 1970 1263 2034 qui
1281 1967 1385 2032 qriadri·

273 2047 467 2111 negligentiam,
479 2050 606 2100 somnium
614 2056 643 2101 et
654 2052 739 2113 gulam
747 2050 763 2101 ι’
783 2057 811 2102 et
849 2054 985 2112 geniorum
996 2047 1173 2099 sestertiorum
1181 2043 1387 2094 habereutredi·

274 2123 370 2177 Horat.
394 2124 540 2191 ‘Magnum
559 2127 697 2192 pauperies
715 2142 812 2192 oppio.
849 2131 900 2188 tus,
909 2124 934 2172 in
943 2138 1049 2175 numero
1057 2124 1173 2188 equitum
1184 2136 1249 2172 esse.
1263 2121 1316 2172 Vei.
1326 2118 1384 2191 Soli,

274 2200 360 2253 brinm
367 2203 446 2267 jubet
458 2204 558 2270 quidvis
566 2203 654 2255 faeere
664 2209 693 2254 et
703 2205 777 2268 pati?
880 2205 928 2250 156
945 2202 1065 2252 Mmum
1072 2200 1152 2265 pueri]
1171 2199 1246 2248 Tales
1257 2196 1327 2247 enim
1337 2211 1383 2247 sae·

307 2282 354 2328 153
375 2281 465 2343 Exeat,
475 2281 562 2345 inquit]
578 2282 744 2331 'lbeatrarius
760 2283 810 2333 soi-
848 2293 884 2343 pe
894 2293 941 2342 pro
950 2277 1114 2328 nobilissimis
1122 2273 1345 2340 supponebantur,
1354 2278 1384 2324 ut

272 2352 337 2404 lieet
345 2355 389 2419 qui
397 2364 493 2420 praeest
501 2357 666 2422 disponendis
674 2359 808 2411 ordinibus
849 2356 902 2406 Sat.
914 2370 952 2406 v1.
965 2356 1074 2406 dicetur.
1107 2354 1158 2404 Vel
1177 2352 1251 2415 alias,
1267 2351 1334 2402 tales
1344 2364 1384 2419 „stt-v

272 2430 301 2481 iu
312 2431 423 2483 theatro.
444 2434 571 2498 Loquitur
579 2449 612 2483 ex
619 2435 810 2487 consuetudins
847 2433 903 2482 lent
914 2447 947 2481 ex
957 2433 1084 2496 peculiari
1094 2429 1205 2505 quadam
1223 2427 1329 2479 fortuna
1346 2427 1383 2478 di·

273 2507 331 2570 ejus
343 2508 475 2573 temporis.
499 2512 584 2562 Quam
595 2509 687 2560 infelix
697 2512 734 2561 sit
745 2526 809 2576 puis·>
847 2508 940 2565 tissimi
951 2509 1070 2558 eradere.
1088 2507 1175 2556 Ludis.

272 2587 504 2652 per,ubexe1nplo
519 2588 597 2638 stiam
615 2590 711 2638 theatri
722 2597 811 2639 osten·
880 2588 927 2633 16⁷
943 2585 995 2635 Hic
1002 2581 1113 2648 plaudat]
1127 2581 1303 2645 Exsulteutin
1312 2580 1384 2647 equi·

201 2711 208 2720 ,
273 2660 329 2713 dit:
347 2664 475 2715 sedebant
485 2665 553 2713 enim
564 2674 737 2715 antesomues
749 2682 811 2731 prm
847 2665 903 2710 tum
918 2659 1032 2723 sedibus,
1049 2675 1139 2715 manus
1157 2658 1314 2724 percutiant,
1328 2659 1382 2711 lau-

271 2740 536 2800 miseuemshestris,
555 2756 623 2792 nunc
639 2742 684 2791 ills
701 2742 809 2794 lieentia
846 2736 919 2800 deut,
940 2736 1079 2800 gaudeant·
1124 2735 1155 2787 In
1183 2735 1290 2803 tlieatro·
1312 2735 1381 2785 enim

272 2817 375 2869 sublata
391 2824 439 2871 est.
471 2821 536 2869 Tota
551 2819 694 2882 indignatio
715 2820 808 2871 Potitii
846 2812 1006 2876 plaudebant
1024 2811 1179 2877 Imperatori
1204 2810 1382 2885 veliprinoipi

272 2902 315 2945 est
331 2896 358 2945 in
375 2896 561 2961 Domitianum,
571 2897 616 2962 qui
626 2898 713 2961 legem
725 2898 812 2948 Otho..
842 2888 1001 2947 advenienti.
1033 2889 1174 2939 Veihicill
1185 2901 1244 2938 ult.
1265 2887 1381 2953 equitum

271 2972 322 3037 nis,
334 2981 479 3039 temporum
495 2980 628 3029 vetustate
643 2988 709 3038 pene
726 2974 810 3025 aboli—
845 2964 967 3028 gradibus
989 2972 1103 3029 θΡθθῖθΐ)
1123 2972 1151 3014 ‘vt
1177 2965 1296 3030 Plausum
1318 2963 1381 3017 edit

271 3051 468 3113 Qiestituit,
844 3042 912 3094 filius
930 3044 1013 3107 nitide
1030 3051 1058 3092 et
1073 3042 1140 3093 bene
1158 3041 1222 3091 culti
1241 3040 1380 3104 praeconis,

304 3131 353 3176 164
368 3128 398 3178 Si
411 3129 500 3193 podir]
514 3127 542 3178 Si
559 3127 616 3192 quis
631 3126 708 3177 modo
724 3127 806 3191 pudo.
845 3120 888 3170 vel
899 3135 984 3170 rernm
1000 3121 1129 3170 venalium
1145 3118 1341 3183 proclamatorie
1355 3132 1381 3169 o·

269 3216 325 3252 rem
336 3204 439 3267 habeat,
450 3205 523 3269 qussi
534 3219 633 3254 summa
642 3204 808 3267 impudentis
844 3200 889 3263 lim
901 3199 1031 3261 vilissimi;
1049 3200 1117 3251 iuter
1126 3198 1208 3248 cultos
1220 3202 1248 3245 et
1257 3194 1325 3245 bene
1336 3194 1380 3243 ba-

269 3278 314 3341 sit,
322 3279 484 3329 honoratiora
494 3281 552 3328 loca
560 3293 699 3343 occupare,
708 3279 806 3329 ditiori·
844 3275 913 3327 bitos
921 3277 1036 3341 juvenes·
1043 3275 1084 3324 vel
1095 3273 1163 3323 filios
1176 3271 1381 3335 Piuuirapi,gla-

268 3352 596 3417 busdebita.-Depoloiso
602 3354 698 3418 surget]
708 3355 806 3406 &udus
844 3351 959 3421 diatono,
970 3358 998 3402 et
1013 3353 1083 3403 iuter
1093 3350 1208 3419 juvenes
1219 3348 1322 3397 lanista
1338 3346 1381 3396 rel

269 3440 331 3479 xrv.
348 3430 490 3481 intheatro
506 3436 591 3492 erant,
609 3431 654 3495 qui
670 3436 806 3495 equestres
843 3429 1014 3492 gladiatorum
1041 3424 1323 3492 magistri—Preconia
1344 3422 1380 3489 fl-

220 3527 223 3533 ⁴
269 3502 433 3569 dicebantur,
443 3506 610 3571 quielapide
621 3513 715 3567 erant3
732 3522 808 3571 saepe
842 3504 900 3568 uos]
919 3507 1004 3556 Nullis
1018 3503 1158 3570 praecipuis
1176 3500 1320 3566 majoribus
1338 3514 1379 3549 or·

268 3581 347 3635 ettam
365 3597 399 3632 ex
414 3584 494 3646 ligno.
528 3583 604 3632 Unde
622 3590 755 3647 repertum
774 3588 805 3637 ut
843 3587 894 3646 tus,
905 3584 978 3647 eujus
988 3588 1065 3646 pater
1076 3594 1162 3630 rerum
1170 3578 1300 3629 venalium
1312 3590 1380 3647 prue-⁴

268 3658 371 3723 pulvilli
381 3658 597 3720 insternerentur,
605 3659 681 3723 idque
693 3660 804 3723 primum
843 3674 874 3725 oo
890 3658 950 3709 fuit.
966 3657 1172 3721 Idem.-Nits'di]
1191 3656 1248 3707 Le.
1267 3654 1333 3704 lauti
1350 3657 1379 3704 et

268 3734 441 3797 senatoribus,
462 3750 495 3784 ne
515 3734 591 3784 nudis
613 3733 742 3799 lapidibus
761 3736 804 3786 vel
842 3737 971 3803 splendidi
985 3736 1096 3801 opibus:
1113 3732 1302 3783 Velironioos:
1322 3730 1378 3801 Aut

269 3811 399 3863 asseribus
416 3813 569 3863 insiderent.
607 3814 705 3863 Postea
723 3813 804 3863 etiam
840 3813 945 3878 impuri,
956 3812 1063 3874 sordidi,
1073 3824 1121 3875 per
1132 3808 1301 3872 antiphrasin.

268 3889 351 3955 equiti
363 3905 523 3953 conoessum,
540 3899 570 3940 ut
587 3891 629 3939 bic
642 3890 733 3940 videre
752 3897 802 3941 est.
875 3895 923 3941 158
949 3888 1087 3953 Pionisopi,
1107 3886 1161 3950 qo]
1186 3885 1218 3935 ld
1239 3890 1289 3947 est,
1299 3884 1379 3950 ‚iuter

268 3965 338 4018 Quin
359 3974 387 4019 et
408 3969 491 4032 pileos
518 3968 681 4018 Thessalicos
702 3967 803 4018 latioris
841 3969 959 4021 iuvenes
968 3965 1069 4017 retiarii
1078 3979 1124 4017 seu
1136 3961 1295 4029 gladiatoris.
1323 3961 1378 4015 Ga⁴

266 4043 399 4108 marginis,
406 4059 440 4093 ne
448 4046 600 4094 insolatione
609 4050 803 4110 torquerentur,
840 4048 894 4097 leus
905 4045 1024 4095 cristatas
1036 4044 1077 4095 vel
1089 4041 1180 4107 pinnas
1192 4040 1218 4088 in
1228 4039 1309 4104 galeis
1322 4039 1377 4102 gla-

267 4117 385 4172 Tlteatris
393 4120 490 4170 inferre
497 4136 649 4171 conoessum
657 4127 722 4172 erat.
735 4121 803 4172 Con·
841 4124 955 4175 uiatores
965 4121 1093 4170 Samnites
1104 4116 1255 4186 habebant..
1270 4113 1376 4166 Cumiis

267 4195 400 4244 servusdis
410 4202 498 4246 autem
515 4196 637 4260 gradibus
651 4197 719 4247 serti
733 4210 802 4259 prae·
840 4198 977 4263 compositi
988 4197 1089 4247 retiarii
1098 4196 1149 4247 reti
1160 4208 1218 4257 suo,
1231 4191 1375 4243 adversarii

267 4266 333 4335 fanti
349 4277 433 4338 aaut,
450 4279 481 4323 ut
496 4272 542 4324 illo
560 4285 678 4339 tempore
694 4273 801 4329 monus
840 4282 922 4342 eaput
929 4275 1073 4340 involvere,
1081 4279 1110 4324 et
1117 4271 1151 4323 ad
1160 4278 1258 4337 terram
1269 4268 1374 4343 trabere¹
