<?xml version="1.0" encoding="UTF-8"?>
<!DOCTYPE html PUBLIC "-//W3C//DTD XHTML 1.0 Transitional//EN"
    "http://www.w3.org/TR/xhtml1/DTD/xhtml1-transitional.dtd">
<html xmlns="http://www.w3.org/1999/xhtml" xml:lang="en" lang="en">
 <head>
  <title>
</title>
<meta http-equiv="Content-Type" content="text/html;charset=utf-8" />
  <meta name='ocr-system' content='tesseract 3.04.00' />
  <meta name='ocr-capabilities' content='ocr_page ocr_carea ocr_par ocr_line ocrx_word'/>
</head>
<body>
  <div class='ocr_page' id='page_1' title='image "./operaomnia01juvegoog_0401.png"; bbox 0 0 3084 4934; ppageno 0'>
   <div class='ocr_carea' id='block_1_1' title="bbox 551 391 1279 470">
    <p class='ocr_par' dir='ltr' id='par_1_1' title="bbox 551 391 1279 470">
     <span class='ocr_line' id='line_1_1' title="bbox 551 391 1279 470; baseline 0.001 -1"><span class='ocrx_word' id='word_1_1' title='bbox 551 411 741 470; x_wconf 69' lang='lat' dir='ltr'><strong>rutundo.</strong></span> <span class='ocrx_word' id='word_1_2' title='bbox 787 411 868 468; x_wconf 80' lang='lat' dir='ltr'><strong>sar.</strong></span> <span class='ocrx_word' id='word_1_3' title='bbox 892 393 918 467; x_wconf 86' lang='lat'><strong>1.</strong></span> <span class='ocrx_word' id='word_1_4' title='bbox 1211 391 1279 470; x_wconf 72' lang='lat'><strong>778</strong></span> 
     </span>
    </p>
   </div>
   <div class='ocr_carea' id='block_1_2' title="bbox 168 553 1335 1554">
    <p class='ocr_par' dir='ltr' id='par_1_2' title="bbox 169 553 1252 629">
     <span class='ocr_line' id='line_1_2' title="bbox 169 553 1252 629; baseline 0.001 -16"><span class='ocrx_word' id='word_1_5' title='bbox 169 553 404 627; x_wconf 64' lang='lat' dir='ltr'><strong>ceni-Vigilouri</strong></span> <span class='ocrx_word' id='word_1_6' title='bbox 413 569 515 616; x_wconf 64' lang='lat' dir='ltr'><strong>stenem</strong></span> <span class='ocrx_word' id='word_1_7' title='bbox 529 561 597 629; x_wconf 77' lang='lat' dir='ltr'><strong>asro]</strong></span> <span class='ocrx_word' id='word_1_8' title='bbox 620 564 706 614; x_wconf 83' lang='lat' dir='ltr'><strong>Homo</strong></span> <span class='ocrx_word' id='word_1_9' title='bbox 742 575 853 627; x_wconf 82' lang='lat' dir='ltr'><strong>pauper,</strong></span> <span class='ocrx_word' id='word_1_10' title='bbox 865 562 898 612; x_wconf 82' lang='lat' dir='ltr'><strong>ad</strong></span> <span class='ocrx_word' id='word_1_11' title='bbox 910 561 1100 613; x_wconf 78' lang='lat' dir='ltr'><strong>Praefecmram</strong></span> <span class='ocrx_word' id='word_1_12' title='bbox 1111 557 1252 628; x_wconf 78' lang='lat' dir='ltr'><strong>aspirabat.</strong></span> 
     </span>
    </p>

    <p class='ocr_par' dir='ltr' id='par_1_3' title="bbox 168 637 1335 1554">
     <span class='ocr_line' id='line_1_3' title="bbox 171 637 1278 707; baseline 0.004 -19"><span class='ocrx_word' id='word_1_13' title='bbox 171 641 243 689; x_wconf 82' lang='lat' dir='ltr'><strong>eninr</strong></span> <span class='ocrx_word' id='word_1_14' title='bbox 261 649 359 705; x_wconf 81' lang='lat' dir='ltr'><strong>quanto</strong></span> <span class='ocrx_word' id='word_1_15' title='bbox 381 643 474 693; x_wconf 80' lang='lat' dir='ltr'><strong>altiore</strong></span> <span class='ocrx_word' id='word_1_16' title='bbox 491 657 580 693; x_wconf 86' lang='lat' dir='ltr'><strong>sornno</strong></span> <span class='ocrx_word' id='word_1_17' title='bbox 600 643 708 701; x_wconf 80' lang='lat' dir='ltr'><strong>dormit,</strong></span> <span class='ocrx_word' id='word_1_18' title='bbox 776 645 808 691; x_wconf 70' lang='lat' dir='ltr'><strong>ob</strong></span> <span class='ocrx_word' id='word_1_19' title='bbox 825 641 880 705; x_wconf 82' lang='lat' dir='ltr'><strong>Ipse</strong></span> <span class='ocrx_word' id='word_1_20' title='bbox 898 643 1024 691; x_wconf 73' lang='lat' dir='ltr'><strong>lacerante</strong></span> <span class='ocrx_word' id='word_1_21' title='bbox 1040 657 1092 690; x_wconf 77' lang='lat' dir='ltr'><strong>cam</strong></span> <span class='ocrx_word' id='word_1_22' title='bbox 1106 643 1143 707; x_wconf 82' lang='lat' dir='ltr'><strong>re]</strong></span> <span class='ocrx_word' id='word_1_23' title='bbox 1168 637 1278 707; x_wconf 60' lang='lat' dir='ltr'><strong>Empba‘·</strong></span> 
     </span>
     <span class='ocr_line' id='line_1_4' title="bbox 168 718 1278 781; baseline 0.004 -17"><span class='ocrx_word' id='word_1_24' title='bbox 168 722 249 765; x_wconf 77' lang='lat' dir='ltr'><strong>teuto</strong></span> <span class='ocrx_word' id='word_1_25' title='bbox 259 718 392 769; x_wconf 70' lang='lat' dir='ltr'><strong>sonantius</strong></span> <span class='ocrx_word' id='word_1_26' title='bbox 403 720 500 770; x_wconf 88' lang='lat' dir='ltr'><strong>stertit.</strong></span> <span class='ocrx_word' id='word_1_27' title='bbox 527 721 609 769; x_wconf 86' lang='lat' dir='ltr'><strong>Sonus</strong></span> <span class='ocrx_word' id='word_1_28' title='bbox 619 729 706 768; x_wconf 85' lang='lat' dir='ltr'><strong>autern</strong></span> <span class='ocrx_word' id='word_1_29' title='bbox 744 718 807 769; x_wconf 88' lang='lat' dir='ltr'><strong>tice.</strong></span> <span class='ocrx_word' id='word_1_30' title='bbox 820 718 874 781; x_wconf 80' lang='lat' dir='ltr'><strong>lpse</strong></span> <span class='ocrx_word' id='word_1_31' title='bbox 882 719 964 780; x_wconf 87' lang='lat' dir='ltr'><strong>Nero,</strong></span> <span class='ocrx_word' id='word_1_32' title='bbox 972 719 1013 767; x_wconf 85' lang='lat' dir='ltr'><strong>vei</strong></span> <span class='ocrx_word' id='word_1_33' title='bbox 1025 718 1134 767; x_wconf 85' lang='lat' dir='ltr'><strong>Fuscus.</strong></span> <span class='ocrx_word' id='word_1_34' title='bbox 1142 719 1278 769; x_wconf 79' lang='lat' dir='ltr'>Turnebus</span> 
     </span>
     <span class='ocr_line' id='line_1_5' title="bbox 171 785 1277 858; baseline 0.005 -18"><span class='ocrx_word' id='word_1_35' title='bbox 171 785 217 841; x_wconf 82' lang='lat' dir='ltr'><strong>ille</strong></span> <span class='ocrx_word' id='word_1_36' title='bbox 239 795 383 857; x_wconf 74' lang='lat' dir='ltr'>stertentis,</span> <span class='ocrx_word' id='word_1_37' title='bbox 405 803 432 845; x_wconf 88' lang='lat' dir='ltr'><strong>et</strong></span> <span class='ocrx_word' id='word_1_38' title='bbox 453 796 564 845; x_wconf 88' lang='lat' dir='ltr'><strong>ronclrns</strong></span> <span class='ocrx_word' id='word_1_39' title='bbox 582 795 614 843; x_wconf 78' lang='lat' dir='ltr'><strong>ln</strong></span> <span class='ocrx_word' id='word_1_40' title='bbox 636 809 706 858; x_wconf 86' lang='lat' dir='ltr'><strong>uaso,</strong></span> <span class='ocrx_word' id='word_1_41' title='bbox 744 794 860 848; x_wconf 75' lang='lat' dir='ltr'><strong>Advers.</strong></span> <span class='ocrx_word' id='word_1_42' title='bbox 875 799 1030 845; x_wconf 57' lang='lat' dir='ltr'><strong>xxviium.</strong></span> <span class='ocrx_word' id='word_1_43' title='bbox 1056 794 1213 844; x_wconf 78' lang='lat' dir='ltr'><strong>Britannicus</strong></span> <span class='ocrx_word' id='word_1_44' title='bbox 1234 795 1277 845; x_wconf 84' lang='lat' dir='ltr'><strong>lric</strong></span> 
     </span>
     <span class='ocr_line' id='line_1_6' title="bbox 171 867 1280 936; baseline 0.004 -20"><span class='ocrx_word' id='word_1_45' title='bbox 171 867 346 919; x_wconf 78' lang='lat' dir='ltr'><strong>nude-festive</strong></span> <span class='ocrx_word' id='word_1_46' title='bbox 366 872 414 921; x_wconf 89' lang='lat' dir='ltr'><strong>boc</strong></span> <span class='ocrx_word' id='word_1_47' title='bbox 433 873 489 921; x_wconf 88' lang='lat' dir='ltr'><strong>loco</strong></span> <span class='ocrx_word' id='word_1_48' title='bbox 501 871 652 921; x_wconf 88' lang='lat' dir='ltr'><strong>dormientis</strong></span> <span class='ocrx_word' id='word_1_49' title='bbox 664 887 708 920; x_wconf 81' lang='lat' dir='ltr'><strong>na·</strong></span> <span class='ocrx_word' id='word_1_50' title='bbox 744 872 866 936; x_wconf 88' lang='lat' dir='ltr'><strong>intelligit</strong></span> <span class='ocrx_word' id='word_1_51' title='bbox 878 872 998 936; x_wconf 82' lang='lat' dir='ltr'><strong>Sporum,</strong></span> <span class='ocrx_word' id='word_1_52' title='bbox 1011 885 1086 935; x_wconf 85' lang='lat' dir='ltr'><strong>quern</strong></span> <span class='ocrx_word' id='word_1_53' title='bbox 1098 871 1197 920; x_wconf 71' lang='lat' dir='ltr'><strong>umbem</strong></span> <span class='ocrx_word' id='word_1_54' title='bbox 1207 871 1280 920; x_wconf 82' lang='lat' dir='ltr'><strong>locer-</strong></span> 
     </span>
     <span class='ocr_line' id='line_1_7' title="bbox 170 945 1281 1014; baseline 0.006 -22"><span class='ocrx_word' id='word_1_55' title='bbox 170 953 229 993; x_wconf 75' lang='lat' dir='ltr'><strong>rnm</strong></span> <span class='ocrx_word' id='word_1_56' title='bbox 240 945 379 1006; x_wconf 75' lang='lat' dir='ltr'><strong>oigdmtem</strong></span> <span class='ocrx_word' id='word_1_57' title='bbox 398 955 484 1012; x_wconf 85' lang='lat' dir='ltr'><strong>vocat,</strong></span> <span class='ocrx_word' id='word_1_58' title='bbox 500 963 557 998; x_wconf 89' lang='lat' dir='ltr'><strong>cnm</strong></span> <span class='ocrx_word' id='word_1_59' title='bbox 569 949 604 998; x_wconf 89' lang='lat' dir='ltr'><strong>sit</strong></span> <span class='ocrx_word' id='word_1_60' title='bbox 615 950 707 997; x_wconf 86' lang='lat' dir='ltr'><strong>clamo·</strong></span> <span class='ocrx_word' id='word_1_61' title='bbox 742 954 825 998; x_wconf 70' lang='lat' dir='ltr'><strong>norom</strong></span> <span class='ocrx_word' id='word_1_62' title='bbox 836 964 932 1014; x_wconf 82' lang='lat' dir='ltr'>genere</span> <span class='ocrx_word' id='word_1_63' title='bbox 945 949 1075 999; x_wconf 85' lang='lat' dir='ltr'><strong>foeminino</strong></span> <span class='ocrx_word' id='word_1_64' title='bbox 1086 950 1170 998; x_wconf 72' lang='lat' dir='ltr'><strong>Poeta</strong></span> <span class='ocrx_word' id='word_1_65' title='bbox 1180 964 1228 1012; x_wconf 88' lang='lat' dir='ltr'><strong>per</strong></span> <span class='ocrx_word' id='word_1_66' title='bbox 1239 947 1281 999; x_wconf 69' lang='lat' dir='ltr'><strong>ca&#39;·</strong></span> 
     </span>
     <span class='ocr_line' id='line_1_8' title="bbox 171 1023 1280 1093; baseline 0.009 -24"><span class='ocrx_word' id='word_1_67' title='bbox 171 1036 217 1070; x_wconf 89' lang='lat' dir='ltr'><strong>sus</strong></span> <span class='ocrx_word' id='word_1_68' title='bbox 237 1028 265 1071; x_wconf 91' lang='lat' dir='ltr'><strong>et</strong></span> <span class='ocrx_word' id='word_1_69' title='bbox 285 1023 459 1087; x_wconf 86' lang='lat' dir='ltr'><strong>obstreperns.</strong></span> <span class='ocrx_word' id='word_1_70' title='bbox 505 1026 623 1087; x_wconf 76' lang='lat' dir='ltr'><strong>Vigilanti</strong></span> <span class='ocrx_word' id='word_1_71' title='bbox 642 1041 708 1088; x_wconf 73' lang='lat' dir='ltr'><strong>nam,</strong></span> <span class='ocrx_word' id='word_1_72' title='bbox 744 1028 904 1078; x_wconf 86' lang='lat' dir='ltr'><strong>vitiationem</strong></span> <span class='ocrx_word' id='word_1_73' title='bbox 917 1029 1073 1093; x_wconf 86' lang='lat' dir='ltr'><strong>appellavit:</strong></span> <span class='ocrx_word' id='word_1_74' title='bbox 1092 1031 1157 1078; x_wconf 85' lang='lat' dir='ltr'><strong>acsi</strong></span> <span class='ocrx_word' id='word_1_75' title='bbox 1171 1029 1280 1091; x_wconf 88' lang='lat' dir='ltr'><strong>diceret,</strong></span> 
     </span>
     <span class='ocr_line' id='line_1_9' title="bbox 171 1099 1280 1170; baseline 0.007 -23"><span class='ocrx_word' id='word_1_76' title='bbox 171 1099 201 1147; x_wconf 92' lang='lat' dir='ltr'><strong>id</strong></span> <span class='ocrx_word' id='word_1_77' title='bbox 228 1108 278 1162; x_wconf 86' lang='lat' dir='ltr'><strong>est,</strong></span> <span class='ocrx_word' id='word_1_78' title='bbox 305 1102 415 1151; x_wconf 84' lang='lat' dir='ltr'><strong>rouclros</strong></span> <span class='ocrx_word' id='word_1_79' title='bbox 442 1103 556 1165; x_wconf 85' lang='lat' dir='ltr'><strong>ducenti,</strong></span> <span class='ocrx_word' id='word_1_80' title='bbox 578 1103 706 1153; x_wconf 86' lang='lat' dir='ltr'><strong>stertentl.</strong></span> <span class='ocrx_word' id='word_1_81' title='bbox 745 1106 834 1154; x_wconf 75' lang='lat' dir='ltr'><strong>umiore</strong></span> <span class='ocrx_word' id='word_1_82' title='bbox 845 1105 1280 1170; x_wconf 76' lang='lat' dir='ltr'><strong>masculae,bocest,amicm,quae</strong></span> 
     </span>
     <span class='ocr_line' id='line_1_10' title="bbox 169 1176 1280 1247; baseline 0.007 -22"><span class='ocrx_word' id='word_1_83' title='bbox 169 1176 286 1227; x_wconf 65' lang='lat' dir='ltr'><strong>Bucold.</strong></span> <span class='ocrx_word' id='word_1_84' title='bbox 326 1178 370 1228; x_wconf 90' lang='lat' dir='ltr'><strong>Sic</strong></span> <span class='ocrx_word' id='word_1_85' title='bbox 394 1180 474 1238; x_wconf 84' lang='lat' dir='ltr'><strong>Ovid.</strong></span> <span class='ocrx_word' id='word_1_86' title='bbox 501 1179 547 1230; x_wconf 91' lang='lat' dir='ltr'><strong>lib.</strong></span> <span class='ocrx_word' id='word_1_87' title='bbox 575 1181 708 1247; x_wconf 82' lang='lat' dir='ltr'><strong>Amorum,</strong></span> <span class='ocrx_word' id='word_1_88' title='bbox 744 1181 786 1230; x_wconf 86' lang='lat' dir='ltr'><strong>vlr</strong></span> <span class='ocrx_word' id='word_1_89' title='bbox 803 1183 908 1231; x_wconf 88' lang='lat' dir='ltr'><strong>omnino</strong></span> <span class='ocrx_word' id='word_1_90' title='bbox 920 1189 992 1231; x_wconf 84' lang='lat' dir='ltr'><strong>erat:</strong></span> <span class='ocrx_word' id='word_1_91' title='bbox 1009 1196 1068 1230; x_wconf 86' lang='lat' dir='ltr'><strong>nam</strong></span> <span class='ocrx_word' id='word_1_92' title='bbox 1082 1183 1188 1232; x_wconf 89' lang='lat' dir='ltr'><strong>lacerna</strong></span> <span class='ocrx_word' id='word_1_93' title='bbox 1199 1183 1280 1233; x_wconf 85' lang='lat' dir='ltr'><strong>vestis</strong></span> 
     </span>
     <span class='ocr_line' id='line_1_11' title="bbox 171 1255 1281 1321; baseline 0.005 -18"><span class='ocrx_word' id='word_1_94' title='bbox 171 1255 250 1319; x_wconf 86' lang='lat' dir='ltr'><strong>Eleg.</strong></span> <span class='ocrx_word' id='word_1_95' title='bbox 267 1263 294 1304; x_wconf 73' lang='lat' dir='ltr'><strong>v.</strong></span> <span class='ocrx_word' id='word_1_96' title='bbox 313 1256 395 1319; x_wconf 86' lang='lat' dir='ltr'><strong>‘Ipse</strong></span> <span class='ocrx_word' id='word_1_97' title='bbox 413 1258 492 1306; x_wconf 87' lang='lat' dir='ltr'><strong>miser</strong></span> <span class='ocrx_word' id='word_1_98' title='bbox 508 1258 571 1319; x_wconf 86' lang='lat' dir='ltr'><strong>ridi,</strong></span> <span class='ocrx_word' id='word_1_99' title='bbox 587 1272 645 1308; x_wconf 84' lang='lat' dir='ltr'><strong>curu</strong></span> <span class='ocrx_word' id='word_1_100' title='bbox 665 1271 707 1308; x_wconf 88' lang='lat' dir='ltr'><strong>me</strong></span> <span class='ocrx_word' id='word_1_101' title='bbox 744 1263 787 1305; x_wconf 89' lang='lat' dir='ltr'><strong>est</strong></span> <span class='ocrx_word' id='word_1_102' title='bbox 808 1258 897 1308; x_wconf 86' lang='lat' dir='ltr'><strong>virilis.</strong></span> <span class='ocrx_word' id='word_1_103' title='bbox 931 1259 966 1306; x_wconf 89' lang='lat' dir='ltr'><strong>Et</strong></span> <span class='ocrx_word' id='word_1_104' title='bbox 978 1258 1074 1318; x_wconf 76' lang='lat' dir='ltr'><strong>jactare</strong></span> <span class='ocrx_word' id='word_1_105' title='bbox 1092 1273 1121 1307; x_wconf 88' lang='lat' dir='ltr'><strong>se</strong></span> <span class='ocrx_word' id='word_1_106' title='bbox 1138 1259 1224 1321; x_wconf 89' lang='lat' dir='ltr'><strong>alicui,</strong></span> <span class='ocrx_word' id='word_1_107' title='bbox 1238 1265 1281 1309; x_wconf 89' lang='lat' dir='ltr'><strong>est</strong></span> 
     </span>
     <span class='ocr_line' id='line_1_12' title="bbox 170 1330 1278 1399; baseline 0.004 -20"><span class='ocrx_word' id='word_1_108' title='bbox 170 1330 286 1381; x_wconf 83' lang='lat' dir='ltr'><strong>dormire</strong></span> <span class='ocrx_word' id='word_1_109' title='bbox 311 1340 427 1396; x_wconf 85' lang='lat' dir='ltr'><strong>putares,</strong></span> <span class='ocrx_word' id='word_1_110' title='bbox 453 1334 560 1384; x_wconf 79' lang='lat' dir='ltr'><strong>Sobrius</strong></span> <span class='ocrx_word' id='word_1_111' title='bbox 586 1335 707 1399; x_wconf 85' lang='lat' dir='ltr'><strong>apposito</strong></span> <span class='ocrx_word' id='word_1_112' title='bbox 746 1334 859 1398; x_wconf 84' lang='lat' dir='ltr'><strong>seipsum</strong></span> <span class='ocrx_word' id='word_1_113' title='bbox 882 1333 920 1384; x_wconf 92' lang='lat' dir='ltr'><strong>illi</strong></span> <span class='ocrx_word' id='word_1_114' title='bbox 951 1334 1022 1396; x_wconf 88' lang='lat' dir='ltr'><strong>dare,</strong></span> <span class='ocrx_word' id='word_1_115' title='bbox 1046 1336 1178 1399; x_wconf 80' lang='lat' dir='ltr'>ingerere,</span> <span class='ocrx_word' id='word_1_116' title='bbox 1219 1334 1278 1384; x_wconf 83' lang='lat' dir='ltr'><strong>iusi·</strong></span> 
     </span>
     <span class='ocr_line' id='line_1_13' title="bbox 171 1407 1335 1475; baseline 0.004 -17"><span class='ocrx_word' id='word_1_117' title='bbox 171 1407 282 1458; x_wconf 84' lang='lat' dir='ltr'><strong>crimina</strong></span> <span class='ocrx_word' id='word_1_118' title='bbox 301 1417 388 1459; x_wconf 82' lang='lat' dir='ltr'><strong>vestra</strong></span> <span class='ocrx_word' id='word_1_119' title='bbox 407 1412 497 1461; x_wconf 73' lang='lat' dir='ltr'><strong>mero!</strong></span> <span class='ocrx_word' id='word_1_120' title='bbox 525 1412 587 1461; x_wconf 75' lang='lat' dir='ltr'><strong>Vid,</strong></span> <span class='ocrx_word' id='word_1_121' title='bbox 606 1414 706 1462; x_wconf 81' lang='lat' dir='ltr'><strong>Erasm.</strong></span> <span class='ocrx_word' id='word_1_122' title='bbox 744 1413 923 1475; x_wconf 77' lang='lat' dir='ltr'><strong>unare—lpse</strong></span> <span class='ocrx_word' id='word_1_123' title='bbox 942 1413 1067 1461; x_wconf 76' lang='lat' dir='ltr'><strong>lucernata</strong></span> <span class='ocrx_word' id='word_1_124' title='bbox 1077 1413 1281 1473; x_wconf 79' lang='lat' dir='ltr'><strong>camsejartorrt</strong></span> <span class='ocrx_word' id='word_1_125' title='bbox 1333 1427 1335 1434; x_wconf 85' lang='grc'><strong>’</strong></span> 
     </span>
     <span class='ocr_line' id='line_1_14' title="bbox 171 1485 1281 1554; baseline 0.005 -21"><span class='ocrx_word' id='word_1_126' title='bbox 171 1485 200 1533; x_wconf 89' lang='lat' dir='ltr'><strong>in</strong></span> <span class='ocrx_word' id='word_1_127' title='bbox 219 1487 340 1550; x_wconf 79' lang='lat' dir='ltr'><strong>proverb.</strong></span> <span class='ocrx_word' id='word_1_128' title='bbox 365 1487 446 1536; x_wconf 88' lang='lat' dir='ltr'><strong>‘Non</strong></span> <span class='ocrx_word' id='word_1_129' title='bbox 462 1487 707 1538; x_wconf 85' lang='lat' dir='ltr'><strong>omuibusdornrio.&#39;</strong></span> <span class='ocrx_word' id='word_1_130' title='bbox 744 1489 838 1553; x_wconf 74' lang='lat' dir='ltr'><strong>amice]</strong></span> <span class='ocrx_word' id='word_1_131' title='bbox 853 1490 1088 1553; x_wconf 81' lang='lat' dir='ltr'><strong>satyr-icusbicde</strong></span> <span class='ocrx_word' id='word_1_132' title='bbox 1102 1490 1184 1553; x_wconf 89' lang='lat' dir='ltr'><strong>Sporo</strong></span> <span class='ocrx_word' id='word_1_133' title='bbox 1198 1490 1281 1554; x_wconf 88' lang='lat' dir='ltr'><strong>loqui·</strong></span> 
     </span>
    </p>
   </div>
   <div class='ocr_carea' id='block_1_3' title="bbox 82 1561 1281 1633">
    <p class='ocr_par' dir='ltr' id='par_1_4' title="bbox 82 1561 1281 1633">
     <span class='ocr_line' id='line_1_15' title="bbox 82 1561 1281 1633; baseline 0.007 -25"><span class='ocrx_word' id='word_1_134' title='bbox 82 1604 85 1608; x_wconf 86' lang='lat'>.</span> <span class='ocrx_word' id='word_1_135' title='bbox 173 1561 269 1625; x_wconf 82' lang='lat' dir='ltr'><strong>Gmng.</strong></span> <span class='ocrx_word' id='word_1_136' title='bbox 744 1574 797 1628; x_wconf 89' lang='lat' dir='ltr'><strong>tur,</strong></span> <span class='ocrx_word' id='word_1_137' title='bbox 818 1583 893 1633; x_wconf 88' lang='lat' dir='ltr'><strong>quern</strong></span> <span class='ocrx_word' id='word_1_138' title='bbox 912 1567 1000 1617; x_wconf 82' lang='lat' dir='ltr'><strong>uxoris</strong></span> <span class='ocrx_word' id='word_1_139' title='bbox 1018 1567 1076 1616; x_wconf 89' lang='lat' dir='ltr'><strong>loco</strong></span> <span class='ocrx_word' id='word_1_140' title='bbox 1096 1567 1186 1616; x_wconf 80' lang='lat' dir='ltr'><strong>imbuit</strong></span> <span class='ocrx_word' id='word_1_141' title='bbox 1197 1568 1281 1631; x_wconf 90' lang='lat' dir='ltr'><strong>Nero,</strong></span> 
     </span>
    </p>
   </div>
   <div class='ocr_carea' id='block_1_4' title="bbox 108 1640 1287 4177">
    <p class='ocr_par' dir='ltr' id='par_1_5' title="bbox 167 1640 1283 2398">
     <span class='ocr_line' id='line_1_16' title="bbox 205 1640 1282 1710; baseline 0.006 -23"><span class='ocrx_word' id='word_1_142' title='bbox 205 1642 239 1687; x_wconf 82' lang='grc'><strong>118</strong></span> <span class='ocrx_word' id='word_1_143' title='bbox 266 1640 454 1701; x_wconf 74' lang='lat' dir='ltr'><strong>Censorem</strong></span> <span class='ocrx_word' id='word_1_144' title='bbox 480 1641 559 1707; x_wconf 79' lang='lat' dir='ltr'><strong>putet]</strong></span> <span class='ocrx_word' id='word_1_145' title='bbox 585 1644 708 1694; x_wconf 85' lang='lat' dir='ltr'><strong>Subtexit</strong></span> <span class='ocrx_word' id='word_1_146' title='bbox 745 1660 873 1710; x_wconf 84' lang='lat' dir='ltr'><strong>quemque</strong></span> <span class='ocrx_word' id='word_1_147' title='bbox 897 1645 930 1695; x_wconf 93' lang='lat' dir='ltr'><strong>ob</strong></span> <span class='ocrx_word' id='word_1_148' title='bbox 949 1646 999 1694; x_wconf 88' lang='lat' dir='ltr'><strong>boc</strong></span> <span class='ocrx_word' id='word_1_149' title='bbox 1019 1644 1104 1693; x_wconf 70' lang='lat' dir='ltr'><strong>Poeta</strong></span> <span class='ocrx_word' id='word_1_150' title='bbox 1122 1645 1282 1693; x_wconf 85' lang='lat' dir='ltr'><strong>lacernatam</strong></span> 
     </span>
     <span class='ocr_line' id='line_1_17' title="bbox 168 1715 1282 1787; baseline 0.006 -25"><span class='ocrx_word' id='word_1_151' title='bbox 168 1715 248 1764; x_wconf 79' lang='lat' dir='ltr'><strong>allam</strong></span> <span class='ocrx_word' id='word_1_152' title='bbox 270 1716 452 1781; x_wconf 80' lang='lat' dir='ltr'><strong>indignationis</strong></span> <span class='ocrx_word' id='word_1_153' title='bbox 472 1733 604 1769; x_wconf 80' lang='lat' dir='ltr'><strong>caussam:</strong></span> <span class='ocrx_word' id='word_1_154' title='bbox 629 1735 708 1784; x_wconf 82' lang='lat' dir='ltr'><strong>aegre·</strong></span> <span class='ocrx_word' id='word_1_155' title='bbox 746 1725 855 1773; x_wconf 80' lang='lat' dir='ltr'><strong>enricum</strong></span> <span class='ocrx_word' id='word_1_156' title='bbox 876 1730 962 1785; x_wconf 85' lang='lat' dir='ltr'><strong>vacat,</strong></span> <span class='ocrx_word' id='word_1_157' title='bbox 975 1723 1043 1787; x_wconf 89' lang='lat' dir='ltr'><strong>quod</strong></span> <span class='ocrx_word' id='word_1_158' title='bbox 1058 1724 1152 1782; x_wconf 79' lang='lat' dir='ltr'><strong>iocerne</strong></span> <span class='ocrx_word' id='word_1_159' title='bbox 1168 1721 1282 1776; x_wconf 83' lang='lat' dir='ltr'><strong>virorum</strong></span> 
     </span>
     <span class='ocr_line' id='line_1_18' title="bbox 167 1792 1282 1864; baseline 0.004 -23"><span class='ocrx_word' id='word_1_160' title='bbox 167 1805 223 1857; x_wconf 76' lang='lat' dir='ltr'><strong>que</strong></span> <span class='ocrx_word' id='word_1_161' title='bbox 240 1792 303 1857; x_wconf 81' lang='lat' dir='ltr'><strong>fert,</strong></span> <span class='ocrx_word' id='word_1_162' title='bbox 315 1798 394 1859; x_wconf 86' lang='lat' dir='ltr'><strong>quod,</strong></span> <span class='ocrx_word' id='word_1_163' title='bbox 411 1796 455 1862; x_wconf 85' lang='lat' dir='ltr'><strong>qui</strong></span> <span class='ocrx_word' id='word_1_164' title='bbox 475 1797 543 1847; x_wconf 84' lang='lat' dir='ltr'><strong>bona</strong></span> <span class='ocrx_word' id='word_1_165' title='bbox 564 1799 616 1848; x_wconf 87' lang='lat' dir='ltr'><strong>suis</strong></span> <span class='ocrx_word' id='word_1_166' title='bbox 636 1801 708 1863; x_wconf 87' lang='lat' dir='ltr'><strong>equis</strong></span> <span class='ocrx_word' id='word_1_167' title='bbox 746 1805 846 1850; x_wconf 90' lang='lat' dir='ltr'><strong>tantum</strong></span> <span class='ocrx_word' id='word_1_168' title='bbox 865 1809 947 1850; x_wconf 85' lang='lat' dir='ltr'><strong>esset:</strong></span> <span class='ocrx_word' id='word_1_169' title='bbox 966 1801 1034 1864; x_wconf 87' lang='lat' dir='ltr'><strong>quod</strong></span> <span class='ocrx_word' id='word_1_170' title='bbox 1053 1799 1121 1849; x_wconf 85' lang='lat' dir='ltr'><strong>idem</strong></span> <span class='ocrx_word' id='word_1_171' title='bbox 1140 1804 1190 1862; x_wconf 89' lang='lat' dir='ltr'><strong>est,</strong></span> <span class='ocrx_word' id='word_1_172' title='bbox 1209 1812 1240 1847; x_wconf 86' lang='lat' dir='ltr'><strong>ac</strong></span> <span class='ocrx_word' id='word_1_173' title='bbox 1259 1797 1282 1847; x_wconf 86' lang='lat' dir='ltr'><strong>si</strong></span> 
     </span>
     <span class='ocr_line' id='line_1_19' title="bbox 169 1869 1282 1943; baseline 0.006 -25"><span class='ocrx_word' id='word_1_174' title='bbox 169 1869 272 1919; x_wconf 58' lang='lat' dir='ltr'><strong>&amp;lendis</strong></span> <span class='ocrx_word' id='word_1_175' title='bbox 293 1878 322 1920; x_wconf 89' lang='lat' dir='ltr'><strong>et</strong></span> <span class='ocrx_word' id='word_1_176' title='bbox 345 1872 402 1921; x_wconf 79' lang='lat' dir='ltr'><strong>aliis</strong></span> <span class='ocrx_word' id='word_1_177' title='bbox 424 1875 558 1926; x_wconf 85' lang='lat' dir='ltr'><strong>inutilibus</strong></span> <span class='ocrx_word' id='word_1_178' title='bbox 582 1877 707 1926; x_wconf 85' lang='lat' dir='ltr'><strong>sumtibus</strong></span> <span class='ocrx_word' id='word_1_179' title='bbox 745 1878 1282 1943; x_wconf 77' lang='lat' dir='ltr'><strong>quisnuncumicambraccatanrvocaret.</strong></span> 
     </span>
     <span class='ocr_line' id='line_1_20' title="bbox 169 1951 1282 2018; baseline 0.004 -23"><span class='ocrx_word' id='word_1_180' title='bbox 169 1954 378 2012; x_wconf 81' lang='lat' dir='ltr'><strong>consumserant,</strong></span> <span class='ocrx_word' id='word_1_181' title='bbox 389 1951 422 2000; x_wconf 83' lang='lat' dir='ltr'><strong>ad</strong></span> <span class='ocrx_word' id='word_1_182' title='bbox 441 1965 553 2002; x_wconf 84' lang='lat' dir='ltr'><strong>summas</strong></span> <span class='ocrx_word' id='word_1_183' title='bbox 565 1954 707 2017; x_wconf 77' lang='lat' dir='ltr'><strong>dignitates</strong></span> <span class='ocrx_word' id='word_1_184' title='bbox 745 1956 1069 2018; x_wconf 65' lang='lat' dir='ltr'><strong>ferrarius—Lucernam]</strong></span> <span class='ocrx_word' id='word_1_185' title='bbox 1092 1952 1219 2017; x_wconf 84' lang='lat' dir='ltr'><strong>Satyrice,</strong></span> <span class='ocrx_word' id='word_1_186' title='bbox 1237 1952 1282 2000; x_wconf 81' lang='lat' dir='ltr'><strong>ba&#39;·</strong></span> 
     </span>
     <span class='ocr_line' id='line_1_21' title="bbox 173 2023 1283 2093; baseline 0.004 -22"><span class='ocrx_word' id='word_1_187' title='bbox 173 2023 291 2087; x_wconf 79' lang='lat' dir='ltr'><strong>aspirare</strong></span> <span class='ocrx_word' id='word_1_188' title='bbox 311 2029 644 2079; x_wconf 62' lang='lat' dir='ltr'><strong>nonsummum—Caram</strong></span> <span class='ocrx_word' id='word_1_189' title='bbox 657 2044 709 2093; x_wconf 83' lang='lat' dir='ltr'><strong>rpe-</strong></span> <span class='ocrx_word' id='word_1_190' title='bbox 746 2031 804 2080; x_wconf 87' lang='lat' dir='ltr'><strong>bitu</strong></span> <span class='ocrx_word' id='word_1_191' title='bbox 825 2032 893 2081; x_wconf 84' lang='lat' dir='ltr'><strong>virili</strong></span> <span class='ocrx_word' id='word_1_192' title='bbox 910 2029 1040 2080; x_wconf 68' lang='lat' dir='ltr'><strong>feminam</strong></span> <span class='ocrx_word' id='word_1_193' title='bbox 1057 2027 1192 2078; x_wconf 81' lang='lat' dir='ltr'><strong>describit.</strong></span> <span class='ocrx_word' id='word_1_194' title='bbox 1229 2027 1283 2076; x_wconf 81' lang='lat' dir='ltr'><strong>Vct.</strong></span> 
     </span>
     <span class='ocr_line' id='line_1_22' title="bbox 170 2100 803 2170; baseline 0.013 -22"><span class='ocrx_word' id='word_1_195' title='bbox 170 2113 235 2164; x_wconf 78' lang='lat' dir='ltr'><strong>rare,</strong></span> <span class='ocrx_word' id='word_1_196' title='bbox 246 2101 300 2164; x_wconf 72' lang='lat' dir='ltr'><strong>tra]</strong></span> <span class='ocrx_word' id='word_1_197' title='bbox 316 2100 434 2166; x_wconf 82' lang='lat' dir='ltr'><strong>Ambire,</strong></span> <span class='ocrx_word' id='word_1_198' title='bbox 446 2102 571 2155; x_wconf 85' lang='lat' dir='ltr'><strong>affectare</strong></span> <span class='ocrx_word' id='word_1_199' title='bbox 589 2113 617 2156; x_wconf 88' lang='lat' dir='ltr'><strong>ct</strong></span> <span class='ocrx_word' id='word_1_200' title='bbox 630 2121 709 2170; x_wconf 86' lang='lat' dir='ltr'><strong>cxpe-</strong></span> <span class='ocrx_word' id='word_1_201' title='bbox 745 2106 803 2157; x_wconf 83' lang='lat' dir='ltr'><strong>Scir.</strong></span> 
     </span>
     <span class='ocr_line' id='line_1_23' title="bbox 169 2175 1282 2245; baseline -0.001 -18"><span class='ocrx_word' id='word_1_202' title='bbox 169 2184 230 2228; x_wconf 89' lang='lat' dir='ltr'><strong>tere</strong></span> <span class='ocrx_word' id='word_1_203' title='bbox 242 2194 329 2229; x_wconf 85' lang='lat' dir='ltr'><strong>caram</strong></span> <span class='ocrx_word' id='word_1_204' title='bbox 350 2186 380 2229; x_wconf 90' lang='lat' dir='ltr'><strong>et</strong></span> <span class='ocrx_word' id='word_1_205' title='bbox 397 2180 581 2245; x_wconf 69' lang='lat' dir='ltr'><strong>prefecturam</strong></span> <span class='ocrx_word' id='word_1_206' title='bbox 594 2183 708 2233; x_wconf 80' lang='lat' dir='ltr'><strong>cohortis</strong></span> <span class='ocrx_word' id='word_1_207' title='bbox 778 2187 810 2233; x_wconf 75' lang='grc'><strong>63</strong></span> <span class='ocrx_word' id='word_1_208' title='bbox 827 2183 912 2233; x_wconf 83' lang='lat' dir='ltr'><strong>Norae</strong></span> <span class='ocrx_word' id='word_1_209' title='bbox 922 2183 979 2232; x_wconf 82' lang='lat' dir='ltr'><strong>tibet</strong></span> <span class='ocrx_word' id='word_1_210' title='bbox 988 2182 1064 2231; x_wconf 82' lang='lat' dir='ltr'><strong>medio</strong></span> <span class='ocrx_word' id='word_1_211' title='bbox 1074 2179 1151 2243; x_wconf 74' lang='lat' dir='ltr'><strong>coos]</strong></span> <span class='ocrx_word' id='word_1_212' title='bbox 1173 2175 1233 2229; x_wconf 77' lang='lat' dir='ltr'><strong>Alia</strong></span> <span class='ocrx_word' id='word_1_213' title='bbox 1244 2177 1282 2227; x_wconf 90' lang='lat' dir='ltr'><strong>in·</strong></span> 
     </span>
     <span class='ocr_line' id='line_1_24' title="bbox 168 2255 1282 2324; baseline -0.002 -19"><span class='ocrx_word' id='word_1_214' title='bbox 168 2256 477 2308; x_wconf 52' lang='lat' dir='ltr'><strong>Prandente—Carum</strong></span> <span class='ocrx_word' id='word_1_215' title='bbox 503 2259 617 2324; x_wconf 73' lang='lat' dir='ltr'><strong>cohortis]</strong></span> <span class='ocrx_word' id='word_1_216' title='bbox 638 2260 708 2310; x_wconf 87' lang='lat' dir='ltr'><strong>Mili·</strong></span> <span class='ocrx_word' id='word_1_217' title='bbox 746 2257 905 2321; x_wconf 80' lang='lat' dir='ltr'><strong>dignationis</strong></span> <span class='ocrx_word' id='word_1_218' title='bbox 922 2274 1021 2321; x_wconf 87' lang='lat' dir='ltr'><strong>caussa,</strong></span> <span class='ocrx_word' id='word_1_219' title='bbox 1034 2259 1102 2324; x_wconf 86' lang='lat' dir='ltr'><strong>quod</strong></span> <span class='ocrx_word' id='word_1_220' title='bbox 1114 2255 1211 2307; x_wconf 87' lang='lat' dir='ltr'><strong>falsarii</strong></span> <span class='ocrx_word' id='word_1_221' title='bbox 1228 2270 1282 2304; x_wconf 85' lang='lat' dir='ltr'><strong>ura-</strong></span> 
     </span>
     <span class='ocr_line' id='line_1_25' title="bbox 172 2332 1283 2398; baseline 0 -16"><span class='ocrx_word' id='word_1_222' title='bbox 172 2338 230 2382; x_wconf 84' lang='lat' dir='ltr'><strong>tum</strong></span> <span class='ocrx_word' id='word_1_223' title='bbox 240 2332 408 2385; x_wconf 87' lang='lat' dir='ltr'><strong>tribunatum.</strong></span> <span class='ocrx_word' id='word_1_224' title='bbox 445 2336 499 2385; x_wconf 83' lang='lat' dir='ltr'><strong>Vct.</strong></span> <span class='ocrx_word' id='word_1_225' title='bbox 512 2336 567 2386; x_wconf 82' lang='lat' dir='ltr'><strong>Sclr.</strong></span> <span class='ocrx_word' id='word_1_226' title='bbox 745 2335 778 2385; x_wconf 91' lang='lat' dir='ltr'><strong>lls</strong></span> <span class='ocrx_word' id='word_1_227' title='bbox 797 2338 848 2386; x_wconf 85' lang='lat' dir='ltr'><strong>suis</strong></span> <span class='ocrx_word' id='word_1_228' title='bbox 868 2337 966 2387; x_wconf 90' lang='lat' dir='ltr'><strong>artibus</strong></span> <span class='ocrx_word' id='word_1_229' title='bbox 985 2336 1019 2386; x_wconf 83' lang='lat' dir='ltr'><strong>ed</strong></span> <span class='ocrx_word' id='word_1_230' title='bbox 1039 2350 1149 2384; x_wconf 85' lang='lat' dir='ltr'><strong>summas</strong></span> <span class='ocrx_word' id='word_1_231' title='bbox 1170 2348 1233 2398; x_wconf 88' lang='lat' dir='ltr'><strong>opes</strong></span> <span class='ocrx_word' id='word_1_232' title='bbox 1254 2340 1283 2383; x_wconf 87' lang='lat' dir='ltr'><strong>et</strong></span> 
     </span>
    </p>

    <p class='ocr_par' dir='ltr' id='par_1_6' title="bbox 108 2409 1287 4102">
     <span class='ocr_line' id='line_1_26' title="bbox 205 2409 1282 2479; baseline -0.004 -18"><span class='ocrx_word' id='word_1_233' title='bbox 205 2417 239 2462; x_wconf 79' lang='lat' dir='ltr'><strong>ou</strong></span> <span class='ocrx_word' id='word_1_234' title='bbox 255 2413 306 2469; x_wconf 69' lang='lat' dir='ltr'><strong>Qut</strong></span> <span class='ocrx_word' id='word_1_235' title='bbox 324 2413 490 2463; x_wconf 81' lang='lat' dir='ltr'><strong>bonodoaooit</strong></span> <span class='ocrx_word' id='word_1_236' title='bbox 506 2414 659 2479; x_wconf 65' lang='lat' dir='ltr'><strong>promptior]</strong></span> <span class='ocrx_word' id='word_1_237' title='bbox 675 2415 707 2465; x_wconf 93' lang='lat' dir='ltr'><strong>Id</strong></span> <span class='ocrx_word' id='word_1_238' title='bbox 745 2413 856 2461; x_wconf 87' lang='lat' dir='ltr'><strong>bonores</strong></span> <span class='ocrx_word' id='word_1_239' title='bbox 879 2413 1043 2476; x_wconf 82' lang='lat' dir='ltr'><strong>pervenient,</strong></span> <span class='ocrx_word' id='word_1_240' title='bbox 1063 2420 1091 2461; x_wconf 86' lang='lat' dir='ltr'><strong>et</strong></span> <span class='ocrx_word' id='word_1_241' title='bbox 1118 2409 1282 2474; x_wconf 83' lang='lat' dir='ltr'><strong>superciliosi</strong></span> 
     </span>
     <span class='ocr_line' id='line_1_27' title="bbox 172 2488 1283 2556; baseline -0.003 -17"><span class='ocrx_word' id='word_1_242' title='bbox 172 2497 223 2551; x_wconf 91' lang='lat' dir='ltr'><strong>est,</strong></span> <span class='ocrx_word' id='word_1_243' title='bbox 233 2491 307 2556; x_wconf 89' lang='lat' dir='ltr'><strong>equis</strong></span> <span class='ocrx_word' id='word_1_244' title='bbox 323 2491 421 2540; x_wconf 84' lang='lat' dir='ltr'><strong>alendis</strong></span> <span class='ocrx_word' id='word_1_245' title='bbox 438 2490 506 2541; x_wconf 88' lang='lat' dir='ltr'><strong>bona</strong></span> <span class='ocrx_word' id='word_1_246' title='bbox 523 2506 568 2540; x_wconf 85' lang='lat' dir='ltr'><strong>sua</strong></span> <span class='ocrx_word' id='word_1_247' title='bbox 586 2491 708 2556; x_wconf 85' lang='lat' dir='ltr'><strong>perdidit.</strong></span> <span class='ocrx_word' id='word_1_248' title='bbox 744 2496 774 2539; x_wconf 87' lang='lat' dir='ltr'><strong>et</strong></span> <span class='ocrx_word' id='word_1_249' title='bbox 797 2490 868 2552; x_wconf 89' lang='lat' dir='ltr'><strong>elati,</strong></span> <span class='ocrx_word' id='word_1_250' title='bbox 888 2490 951 2538; x_wconf 92' lang='lat' dir='ltr'><strong>alios</strong></span> <span class='ocrx_word' id='word_1_251' title='bbox 971 2494 1148 2538; x_wconf 84' lang='lat' dir='ltr'><strong>contemnunt.</strong></span> <span class='ocrx_word' id='word_1_252' title='bbox 1188 2488 1283 2538; x_wconf 81' lang='lat' dir='ltr'><strong>Quaesc</strong></span> 
     </span>
     <span class='ocr_line' id='line_1_28' title="bbox 171 2566 1283 2634; baseline -0.003 -19"><span class='ocrx_word' id='word_1_253' title='bbox 171 2568 244 2616; x_wconf 65' lang='grc' dir='ltr'><strong>ι-Εΐ</strong></span> <span class='ocrx_word' id='word_1_254' title='bbox 261 2568 396 2617; x_wconf 79' lang='lat' dir='ltr'><strong>raretomrri</strong></span> <span class='ocrx_word' id='word_1_255' title='bbox 413 2567 547 2634; x_wconf 69' lang='lat' dir='ltr'><strong>Maiorem]</strong></span> <span class='ocrx_word' id='word_1_256' title='bbox 563 2569 623 2619; x_wconf 90' lang='lat' dir='ltr'><strong>Non</strong></span> <span class='ocrx_word' id='word_1_257' title='bbox 639 2569 707 2634; x_wconf 86' lang='lat' dir='ltr'><strong>qnod</strong></span> <span class='ocrx_word' id='word_1_258' title='bbox 744 2581 777 2616; x_wconf 83' lang='lat' dir='ltr'><strong>ror</strong></span> <span class='ocrx_word' id='word_1_259' title='bbox 806 2581 852 2616; x_wconf 79' lang='lat' dir='ltr'><strong>noa</strong></span> <span class='ocrx_word' id='word_1_260' title='bbox 876 2566 958 2628; x_wconf 83' lang='lat' dir='ltr'><strong>libeat,</strong></span> <span class='ocrx_word' id='word_1_261' title='bbox 988 2566 1030 2614; x_wconf 85' lang='lat' dir='ltr'><strong>rel</strong></span> <span class='ocrx_word' id='word_1_262' title='bbox 1057 2566 1160 2629; x_wconf 82' lang='lat' dir='ltr'><strong>placeat</strong></span> <span class='ocrx_word' id='word_1_263' title='bbox 1187 2573 1283 2628; x_wconf 79' lang='lat' dir='ltr'><strong>cuperes</strong></span> 
     </span>
     <span class='ocr_line' id='line_1_29' title="bbox 170 2641 1284 2708; baseline -0.001 -17"><span class='ocrx_word' id='word_1_264' title='bbox 170 2643 707 2708; x_wconf 84' lang='lat' dir='ltr'><strong>nullumcensnmemajoribusbabuerlt,</strong></span> <span class='ocrx_word' id='word_1_265' title='bbox 745 2657 822 2706; x_wconf 71' lang='lat' dir='ltr'><strong>emor,</strong></span> <span class='ocrx_word' id='word_1_266' title='bbox 852 2644 971 2707; x_wconf 80' lang='lat' dir='ltr'><strong>ingentes</strong></span> <span class='ocrx_word' id='word_1_267' title='bbox 989 2641 1091 2691; x_wconf 82' lang='lat' dir='ltr'><strong>tabulas</strong></span> <span class='ocrx_word' id='word_1_268' title='bbox 1114 2645 1230 2703; x_wconf 68' lang='lat' dir='ltr'><strong>ceratas,</strong></span> <span class='ocrx_word' id='word_1_269' title='bbox 1255 2646 1284 2690; x_wconf 89' lang='lat' dir='ltr'><strong>et</strong></span> 
     </span>
     <span class='ocr_line' id='line_1_30' title="bbox 169 2718 1283 2786; baseline -0.004 -16"><span class='ocrx_word' id='word_1_270' title='bbox 169 2719 220 2770; x_wconf 77' lang='lat' dir='ltr'><strong>ted</strong></span> <span class='ocrx_word' id='word_1_271' title='bbox 238 2720 308 2785; x_wconf 84' lang='lat' dir='ltr'><strong>quod</strong></span> <span class='ocrx_word' id='word_1_272' title='bbox 327 2733 430 2770; x_wconf 85' lang='lat' dir='ltr'><strong>omnem</strong></span> <span class='ocrx_word' id='word_1_273' title='bbox 449 2722 549 2770; x_wconf 87' lang='lat' dir='ltr'><strong>alendis</strong></span> <span class='ocrx_word' id='word_1_274' title='bbox 572 2723 645 2786; x_wconf 89' lang='lat' dir='ltr'><strong>equis</strong></span> <span class='ocrx_word' id='word_1_275' title='bbox 664 2722 708 2771; x_wconf 86' lang='lat' dir='ltr'><strong>de-</strong></span> <span class='ocrx_word' id='word_1_276' title='bbox 744 2719 886 2784; x_wconf 83' lang='lat' dir='ltr'><strong>pugillares</strong></span> <span class='ocrx_word' id='word_1_277' title='bbox 917 2719 1016 2784; x_wconf 86' lang='lat' dir='ltr'><strong>Satyris</strong></span> <span class='ocrx_word' id='word_1_278' title='bbox 1044 2718 1164 2782; x_wconf 87' lang='lat' dir='ltr'><strong>implere,</strong></span> <span class='ocrx_word' id='word_1_279' title='bbox 1193 2730 1283 2767; x_wconf 88' lang='lat' dir='ltr'><strong>occur-</strong></span> 
     </span>
     <span class='ocr_line' id='line_1_31' title="bbox 172 2795 1285 2863; baseline -0.002 -16"><span class='ocrx_word' id='word_1_280' title='bbox 172 2799 285 2849; x_wconf 83' lang='lat' dir='ltr'><strong>coxerit.</strong></span> <span class='ocrx_word' id='word_1_281' title='bbox 314 2799 429 2849; x_wconf 88' lang='lat' dir='ltr'><strong>Doctlss.</strong></span> <span class='ocrx_word' id='word_1_282' title='bbox 446 2801 582 2850; x_wconf 80' lang='lat' dir='ltr'><strong>Turnebus</strong></span> <span class='ocrx_word' id='word_1_283' title='bbox 592 2800 636 2850; x_wconf 88' lang='lat' dir='ltr'><strong>bic</strong></span> <span class='ocrx_word' id='word_1_284' title='bbox 646 2801 708 2850; x_wconf 85' lang='lat' dir='ltr'><strong>Fus-</strong></span> <span class='ocrx_word' id='word_1_285' title='bbox 746 2805 822 2849; x_wconf 88' lang='lat' dir='ltr'><strong>rente</strong></span> <span class='ocrx_word' id='word_1_286' title='bbox 842 2799 937 2863; x_wconf 83' lang='lat' dir='ltr'><strong>passim</strong></span> <span class='ocrx_word' id='word_1_287' title='bbox 957 2803 985 2848; x_wconf 88' lang='lat' dir='ltr'><strong>ct</strong></span> <span class='ocrx_word' id='word_1_288' title='bbox 1003 2798 1089 2862; x_wconf 83' lang='lat' dir='ltr'><strong>palam</strong></span> <span class='ocrx_word' id='word_1_289' title='bbox 1105 2812 1153 2862; x_wconf 89' lang='lat' dir='ltr'><strong>per</strong></span> <span class='ocrx_word' id='word_1_290' title='bbox 1169 2795 1285 2860; x_wconf 86' lang='lat' dir='ltr'><strong>compita</strong></span> 
     </span>
     <span class='ocr_line' id='line_1_32' title="bbox 168 2873 1284 2942; baseline -0.004 -16"><span class='ocrx_word' id='word_1_291' title='bbox 168 2890 231 2926; x_wconf 84' lang='lat' dir='ltr'><strong>cum</strong></span> <span class='ocrx_word' id='word_1_292' title='bbox 253 2876 386 2941; x_wconf 87' lang='lat' dir='ltr'><strong>iutelligit,</strong></span> <span class='ocrx_word' id='word_1_293' title='bbox 401 2878 447 2942; x_wconf 84' lang='lat' dir='ltr'><strong>qui</strong></span> <span class='ocrx_word' id='word_1_294' title='bbox 467 2877 610 2941; x_wconf 79' lang='lat' dir='ltr'><strong>aurigando</strong></span> <span class='ocrx_word' id='word_1_295' title='bbox 628 2878 708 2941; x_wconf 80' lang='lat' dir='ltr'><strong>patri·</strong></span> <span class='ocrx_word' id='word_1_296' title='bbox 744 2876 896 2939; x_wconf 73' lang='lat' dir='ltr'><strong>Satyrorum</strong></span> <span class='ocrx_word' id='word_1_297' title='bbox 907 2873 1032 2935; x_wconf 86' lang='lat' dir='ltr'><strong>materia;</strong></span> <span class='ocrx_word' id='word_1_298' title='bbox 1043 2875 1121 2940; x_wconf 86' lang='lat' dir='ltr'><strong>idque</strong></span> <span class='ocrx_word' id='word_1_299' title='bbox 1128 2874 1204 2923; x_wconf 79' lang='lat' dir='ltr'><strong>medio</strong></span> <span class='ocrx_word' id='word_1_300' title='bbox 1211 2873 1284 2937; x_wconf 81' lang='lat' dir='ltr'><strong>puad-</strong></span> 
     </span>
     <span class='ocr_line' id='line_1_33' title="bbox 170 2948 1284 3017; baseline -0.004 -15"><span class='ocrx_word' id='word_1_301' title='bbox 170 2952 285 3003; x_wconf 85' lang='lat' dir='ltr'><strong>monium</strong></span> <span class='ocrx_word' id='word_1_302' title='bbox 293 2953 493 3017; x_wconf 77' lang='lat' dir='ltr'><strong>dilapidaverat,</strong></span> <span class='ocrx_word' id='word_1_303' title='bbox 501 2960 530 3003; x_wconf 89' lang='lat' dir='ltr'><strong>et</strong></span> <span class='ocrx_word' id='word_1_304' title='bbox 539 2968 603 3017; x_wconf 86' lang='lat' dir='ltr'><strong>puer</strong></span> <span class='ocrx_word' id='word_1_305' title='bbox 610 2954 708 3017; x_wconf 75' lang='lat' dir='ltr'><strong>auriga</strong></span> <span class='ocrx_word' id='word_1_306' title='bbox 744 2951 806 2999; x_wconf 81' lang='lat' dir='ltr'><strong>rivio</strong></span> <span class='ocrx_word' id='word_1_307' title='bbox 817 2958 847 3000; x_wconf 89' lang='lat' dir='ltr'><strong>et</strong></span> <span class='ocrx_word' id='word_1_308' title='bbox 858 2948 965 3016; x_wconf 88' lang='lat' dir='ltr'><strong>publico</strong></span> <span class='ocrx_word' id='word_1_309' title='bbox 976 2951 1045 3011; x_wconf 89' lang='lat' dir='ltr'><strong>loco,</strong></span> <span class='ocrx_word' id='word_1_310' title='bbox 1055 2951 1164 3015; x_wconf 77' lang='lat' dir='ltr'><strong>inquens</strong></span> <span class='ocrx_word' id='word_1_311' title='bbox 1173 2957 1284 3014; x_wconf 83' lang='lat' dir='ltr'><strong>quatuor</strong></span> 
     </span>
     <span class='ocr_line' id='line_1_34' title="bbox 169 3026 1284 3095; baseline -0.007 -15"><span class='ocrx_word' id='word_1_312' title='bbox 169 3028 296 3080; x_wconf 43' lang='lat' dir='ltr'><strong>odicium*</strong></span> <span class='ocrx_word' id='word_1_313' title='bbox 310 3031 409 3080; x_wconf 89' lang='lat' dir='ltr'><strong>Neroni</strong></span> <span class='ocrx_word' id='word_1_314' title='bbox 428 3031 599 3095; x_wconf 73' lang='lat' dir='ltr'><strong>prestiterat,</strong></span> <span class='ocrx_word' id='word_1_315' title='bbox 617 3036 710 3093; x_wconf 86' lang='lat' dir='ltr'><strong>postea</strong></span> <span class='ocrx_word' id='word_1_316' title='bbox 745 3027 795 3077; x_wconf 76' lang='lat' dir='ltr'><strong>riae</strong></span> <span class='ocrx_word' id='word_1_317' title='bbox 807 3035 964 3077; x_wconf 87' lang='lat' dir='ltr'><strong>concurrant</strong></span> <span class='ocrx_word' id='word_1_318' title='bbox 975 3034 1002 3075; x_wconf 86' lang='lat' dir='ltr'><strong>et</strong></span> <span class='ocrx_word' id='word_1_319' title='bbox 1019 3028 1106 3091; x_wconf 87' lang='lat' dir='ltr'><strong>plnres</strong></span> <span class='ocrx_word' id='word_1_320' title='bbox 1118 3026 1284 3087; x_wconf 86' lang='lat' dir='ltr'><strong>conveniunt,</strong></span> 
     </span>
     <span class='ocr_line' id='line_1_35' title="bbox 170 3101 1285 3170; baseline -0.005 -15"><span class='ocrx_word' id='word_1_321' title='bbox 170 3118 187 3155; x_wconf 82' lang='lat' dir='ltr'><strong>a</strong></span> <span class='ocrx_word' id='word_1_322' title='bbox 204 3106 354 3156; x_wconf 87' lang='lat' dir='ltr'><strong>Domitiano</strong></span> <span class='ocrx_word' id='word_1_323' title='bbox 376 3107 525 3156; x_wconf 83' lang='lat' dir='ltr'><strong>cohortibus</strong></span> <span class='ocrx_word' id='word_1_324' title='bbox 544 3107 708 3170; x_wconf 85' lang='lat' dir='ltr'><strong>praetorianis</strong></span> <span class='ocrx_word' id='word_1_325' title='bbox 746 3110 777 3153; x_wconf 89' lang='lat' dir='ltr'><strong>nt</strong></span> <span class='ocrx_word' id='word_1_326' title='bbox 788 3104 822 3153; x_wconf 87' lang='lat' dir='ltr'><strong>ab</strong></span> <span class='ocrx_word' id='word_1_327' title='bbox 833 3104 951 3153; x_wconf 87' lang='lat' dir='ltr'><strong>omnibus</strong></span> <span class='ocrx_word' id='word_1_328' title='bbox 972 3101 1107 3156; x_wconf 79' lang='lat' dir='ltr'><strong>manifeste</strong></span> <span class='ocrx_word' id='word_1_329' title='bbox 1123 3102 1285 3167; x_wconf 83' lang='lat' dir='ltr'><strong>conspician-</strong></span> 
     </span>
     <span class='ocr_line' id='line_1_36' title="bbox 171 3179 1284 3247; baseline -0.005 -14"><span class='ocrx_word' id='word_1_330' title='bbox 171 3180 324 3247; x_wconf 79' lang='lat' dir='ltr'><strong>prret&#39;ectus.</strong></span> <span class='ocrx_word' id='word_1_331' title='bbox 357 3183 532 3233; x_wconf 84' lang='lat' dir='ltr'><strong>Manciuellu&#39;s</strong></span> <span class='ocrx_word' id='word_1_332' title='bbox 549 3199 610 3234; x_wconf 84' lang='lat' dir='ltr'><strong>vero</strong></span> <span class='ocrx_word' id='word_1_333' title='bbox 625 3186 709 3236; x_wconf 87' lang='lat' dir='ltr'><strong>etalii</strong></span> <span class='ocrx_word' id='word_1_334' title='bbox 747 3189 806 3232; x_wconf 85' lang='lat' dir='ltr'><strong>tur:</strong></span> <span class='ocrx_word' id='word_1_335' title='bbox 835 3197 892 3232; x_wconf 89' lang='lat' dir='ltr'><strong>cum</strong></span> <span class='ocrx_word' id='word_1_336' title='bbox 916 3179 1040 3230; x_wconf 84' lang='lat' dir='ltr'><strong>falsorum</strong></span> <span class='ocrx_word' id='word_1_337' title='bbox 1068 3183 1284 3230; x_wconf 83' lang='lat' dir='ltr'><strong>testamentorum</strong></span> 
     </span>
     <span class='ocr_line' id='line_1_37' title="bbox 171 3256 1283 3326; baseline -0.002 -17"><span class='ocrx_word' id='word_1_338' title='bbox 171 3261 207 3309; x_wconf 89' lang='lat' dir='ltr'><strong>de</strong></span> <span class='ocrx_word' id='word_1_339' title='bbox 225 3260 351 3325; x_wconf 80' lang='lat' dir='ltr'><strong>Tigillino</strong></span> <span class='ocrx_word' id='word_1_340' title='bbox 369 3262 565 3325; x_wconf 84' lang='lat' dir='ltr'><strong>intellexeruut,</strong></span> <span class='ocrx_word' id='word_1_341' title='bbox 583 3262 710 3326; x_wconf 88' lang='lat' dir='ltr'><strong>iuterpre·</strong></span> <span class='ocrx_word' id='word_1_342' title='bbox 746 3259 916 3324; x_wconf 83' lang='lat' dir='ltr'><strong>consiguatur</strong></span> <span class='ocrx_word' id='word_1_343' title='bbox 932 3260 988 3322; x_wconf 83' lang='lat' dir='ltr'><strong>jam</strong></span> <span class='ocrx_word' id='word_1_344' title='bbox 1010 3264 1085 3308; x_wconf 80' lang='lat' dir='ltr'><strong>sexta</strong></span> <span class='ocrx_word' id='word_1_345' title='bbox 1107 3256 1219 3319; x_wconf 78' lang='lat' dir='ltr'><strong>cervice,</strong></span> <span class='ocrx_word' id='word_1_346' title='bbox 1241 3258 1283 3307; x_wconf 83' lang='lat' dir='ltr'><strong>vel</strong></span> 
     </span>
     <span class='ocr_line' id='line_1_38' title="bbox 171 3334 1284 3404; baseline -0.005 -17"><span class='ocrx_word' id='word_1_347' title='bbox 171 3338 223 3388; x_wconf 81' lang='lat' dir='ltr'><strong>tati</strong></span> <span class='ocrx_word' id='word_1_348' title='bbox 246 3339 319 3404; x_wconf 83' lang='lat' dir='ltr'><strong>illud,</strong></span> <span class='ocrx_word' id='word_1_349' title='bbox 334 3353 415 3390; x_wconf 81' lang='lat' dir='ltr'><strong>curere</strong></span> <span class='ocrx_word' id='word_1_350' title='bbox 441 3341 555 3402; x_wconf 69' lang='lat' dir='ltr'><strong>mnjrrma</strong></span> <span class='ocrx_word' id='word_1_351' title='bbox 571 3356 650 3403; x_wconf 77' lang='lat' dir='ltr'><strong>censs,</strong></span> <span class='ocrx_word' id='word_1_352' title='bbox 675 3340 709 3390; x_wconf 94' lang='lat' dir='ltr'><strong>de</strong></span> <span class='ocrx_word' id='word_1_353' title='bbox 739 3336 904 3400; x_wconf 41' lang='lat' dir='ltr'><strong>&#39;hexaphorm</strong></span> <span class='ocrx_word' id='word_1_354' title='bbox 921 3334 1212 3398; x_wconf 79' lang='lat' dir='ltr'><strong>senlecticaquamses</strong></span> <span class='ocrx_word' id='word_1_355' title='bbox 1225 3347 1284 3397; x_wconf 90' lang='lat' dir='ltr'><strong>por·</strong></span> 
     </span>
     <span class='ocr_line' id='line_1_39' title="bbox 173 3409 1284 3483; baseline 0.001 -19"><span class='ocrx_word' id='word_1_356' title='bbox 173 3414 327 3480; x_wconf 78' lang='lat' dir='ltr'><strong>majoribus,</strong></span> <span class='ocrx_word' id='word_1_357' title='bbox 338 3417 381 3482; x_wconf 88' lang='lat' dir='ltr'><strong>qul</strong></span> <span class='ocrx_word' id='word_1_358' title='bbox 392 3417 419 3466; x_wconf 91' lang='lat' dir='ltr'><strong>in</strong></span> <span class='ocrx_word' id='word_1_359' title='bbox 431 3418 501 3467; x_wconf 82' lang='lat' dir='ltr'><strong>nullo</strong></span> <span class='ocrx_word' id='word_1_360' title='bbox 512 3417 711 3483; x_wconf 73' lang='lat' dir='ltr'><strong>consuluerint,</strong></span> <span class='ocrx_word' id='word_1_361' title='bbox 747 3412 850 3473; x_wconf 85' lang='lat' dir='ltr'><strong>tabant,</strong></span> <span class='ocrx_word' id='word_1_362' title='bbox 870 3410 981 3461; x_wconf 69' lang='lat' dir='ltr'><strong>feratur·</strong></span> <span class='ocrx_word' id='word_1_363' title='bbox 1020 3409 1218 3460; x_wconf 56' lang='lat' dir='ltr'><strong>leiim—Sexto</strong></span> <span class='ocrx_word' id='word_1_364' title='bbox 1235 3424 1284 3459; x_wconf 72' lang='lat' dir='ltr'><strong>co·-</strong></span> 
     </span>
     <span class='ocr_line' id='line_1_40' title="bbox 168 3489 1285 3560; baseline 0 -21"><span class='ocrx_word' id='word_1_365' title='bbox 168 3489 494 3558; x_wconf 71' lang='lat' dir='ltr'><strong>obscuris.-Prcapibrr]</strong></span> <span class='ocrx_word' id='word_1_366' title='bbox 506 3495 621 3560; x_wconf 89' lang='lat' dir='ltr'><strong>Propter</strong></span> <span class='ocrx_word' id='word_1_367' title='bbox 630 3510 710 3560; x_wconf 88' lang='lat' dir='ltr'><strong>equos</strong></span> <span class='ocrx_word' id='word_1_368' title='bbox 747 3492 809 3555; x_wconf 80' lang='lat' dir='ltr'><strong>rice]</strong></span> <span class='ocrx_word' id='word_1_369' title='bbox 824 3492 942 3553; x_wconf 84' lang='lat' dir='ltr'><strong>Lectica,</strong></span> <span class='ocrx_word' id='word_1_370' title='bbox 951 3489 1068 3540; x_wconf 81' lang='lat' dir='ltr'><strong>faciente</strong></span> <span class='ocrx_word' id='word_1_371' title='bbox 1087 3490 1285 3550; x_wconf 69' lang='lat' dir='ltr'><strong>luxuriasset</strong></span> 
     </span>
     <span class='ocr_line' id='line_1_41' title="bbox 169 3567 1221 3637; baseline -0.003 -18"><span class='ocrx_word' id='word_1_372' title='bbox 169 3567 221 3619; x_wconf 63' lang='lat' dir='ltr'><strong>12oe</strong></span> <span class='ocrx_word' id='word_1_373' title='bbox 238 3568 315 3631; x_wconf 85' lang='lat' dir='ltr'><strong>dixit,</strong></span> <span class='ocrx_word' id='word_1_374' title='bbox 332 3577 361 3621; x_wconf 92' lang='lat' dir='ltr'><strong>et</strong></span> <span class='ocrx_word' id='word_1_375' title='bbox 377 3571 509 3622; x_wconf 82' lang='lat' dir='ltr'><strong>Neronem</strong></span> <span class='ocrx_word' id='word_1_376' title='bbox 524 3574 618 3637; x_wconf 75' lang='lat' dir='ltr'><strong>tangit.</strong></span> <span class='ocrx_word' id='word_1_377' title='bbox 655 3574 710 3623; x_wconf 83' lang='lat' dir='ltr'><strong>Vct.</strong></span> <span class='ocrx_word' id='word_1_378' title='bbox 746 3569 893 3618; x_wconf 83' lang='lat' dir='ltr'><strong>homiuibus</strong></span> <span class='ocrx_word' id='word_1_379' title='bbox 905 3567 1070 3632; x_wconf 84' lang='lat' dir='ltr'><strong>portabatur.</strong></span> <span class='ocrx_word' id='word_1_380' title='bbox 1101 3567 1221 3617; x_wconf 64' lang='lat' dir='ltr'><strong>Vcedclr.</strong></span> 
     </span>
     <span class='ocr_line' id='line_1_42' title="bbox 170 3644 1285 3710; baseline -0.001 -14"><span class='ocrx_word' id='word_1_381' title='bbox 170 3645 231 3699; x_wconf 69' lang='lat' dir='ltr'><strong>Sea.</strong></span> <span class='ocrx_word' id='word_1_382' title='bbox 780 3652 813 3696; x_wconf 83' lang='lat'><strong>65</strong></span> <span class='ocrx_word' id='word_1_383' title='bbox 830 3646 897 3696; x_wconf 80' lang='lat' dir='ltr'><strong>Hinc</strong></span> <span class='ocrx_word' id='word_1_384' title='bbox 915 3652 985 3710; x_wconf 78' lang='lat' dir='ltr'><strong>atqroe</strong></span> <span class='ocrx_word' id='word_1_385' title='bbox 1003 3646 1059 3694; x_wconf 82' lang='lat' dir='ltr'><strong>inde</strong></span> <span class='ocrx_word' id='word_1_386' title='bbox 1075 3644 1168 3709; x_wconf 79' lang='lat' dir='ltr'><strong>pateas]</strong></span> <span class='ocrx_word' id='word_1_387' title='bbox 1190 3644 1223 3694; x_wconf 90' lang='lat' dir='ltr'><strong>Id</strong></span> <span class='ocrx_word' id='word_1_388' title='bbox 1234 3651 1285 3708; x_wconf 88' lang='lat' dir='ltr'><strong>est,</strong></span> 
     </span>
     <span class='ocr_line' id='line_1_43' title="bbox 108 3722 1286 3791; baseline -0.001 -19"><span class='ocrx_word' id='word_1_389' title='bbox 108 3754 109 3757; x_wconf 60' lang='lat'><em>=</em></span> <span class='ocrx_word' id='word_1_390' title='bbox 205 3727 239 3772; x_wconf 78' lang='lat' dir='ltr'><strong>eo</strong></span> <span class='ocrx_word' id='word_1_391' title='bbox 264 3724 377 3773; x_wconf 71' lang='lat' dir='ltr'><strong>Pervolat</strong></span> <span class='ocrx_word' id='word_1_392' title='bbox 397 3739 443 3774; x_wconf 81' lang='lat' dir='ltr'><strong>ore</strong></span> <span class='ocrx_word' id='word_1_393' title='bbox 462 3724 547 3787; x_wconf 80' lang='lat' dir='ltr'><strong>citato]</strong></span> <span class='ocrx_word' id='word_1_394' title='bbox 570 3725 711 3791; x_wconf 79' lang='lat' dir='ltr'><strong>Quisquis</strong></span> <span class='ocrx_word' id='word_1_395' title='bbox 748 3725 781 3775; x_wconf 82' lang='lat' dir='ltr'><strong>ab</strong></span> <span class='ocrx_word' id='word_1_396' title='bbox 794 3726 950 3789; x_wconf 85' lang='lat' dir='ltr'><strong>omniparte</strong></span> <span class='ocrx_word' id='word_1_397' title='bbox 969 3730 1073 3787; x_wconf 84' lang='lat' dir='ltr'><strong>aperta:</strong></span> <span class='ocrx_word' id='word_1_398' title='bbox 1091 3722 1184 3786; x_wconf 84' lang='lat' dir='ltr'><strong>etejus</strong></span> <span class='ocrx_word' id='word_1_399' title='bbox 1198 3722 1286 3772; x_wconf 71' lang='lat' dir='ltr'><strong>Cattos·</strong></span> 
     </span>
     <span class='ocr_line' id='line_1_44' title="bbox 171 3799 1286 3867; baseline 0.002 -18"><span class='ocrx_word' id='word_1_400' title='bbox 171 3799 273 3849; x_wconf 81' lang='lat' dir='ltr'><strong>alendis</strong></span> <span class='ocrx_word' id='word_1_401' title='bbox 295 3800 383 3849; x_wconf 86' lang='lat' dir='ltr'><strong>omuia</strong></span> <span class='ocrx_word' id='word_1_402' title='bbox 400 3800 526 3864; x_wconf 81' lang='lat' dir='ltr'><strong>prodigit,</strong></span> <span class='ocrx_word' id='word_1_403' title='bbox 549 3801 611 3851; x_wconf 89' lang='lat' dir='ltr'><strong>dum</strong></span> <span class='ocrx_word' id='word_1_404' title='bbox 631 3817 711 3852; x_wconf 88' lang='lat' dir='ltr'><strong>curru</strong></span> <span class='ocrx_word' id='word_1_405' title='bbox 750 3805 796 3852; x_wconf 86' lang='lat' dir='ltr'><strong>dra</strong></span> <span class='ocrx_word' id='word_1_406' title='bbox 812 3804 855 3853; x_wconf 84' lang='lat' dir='ltr'><strong>vel</strong></span> <span class='ocrx_word' id='word_1_407' title='bbox 874 3804 937 3853; x_wconf 83' lang='lat' dir='ltr'><strong>sella</strong></span> <span class='ocrx_word' id='word_1_408' title='bbox 954 3817 1021 3867; x_wconf 89' lang='lat' dir='ltr'><strong>pene</strong></span> <span class='ocrx_word' id='word_1_409' title='bbox 1041 3802 1119 3864; x_wconf 89' lang='lat' dir='ltr'><strong>nuda,</strong></span> <span class='ocrx_word' id='word_1_410' title='bbox 1130 3801 1173 3851; x_wconf 87' lang='lat' dir='ltr'><strong>cui</strong></span> <span class='ocrx_word' id='word_1_411' title='bbox 1184 3807 1286 3851; x_wconf 81' lang='lat' dir='ltr'><strong>remote</strong></span> 
     </span>
     <span class='ocr_line' id='line_1_45' title="bbox 168 3877 1284 3945; baseline -0.001 -16"><span class='ocrx_word' id='word_1_412' title='bbox 168 3879 309 3929; x_wconf 79' lang='lat' dir='ltr'><strong>ceierrlme</strong></span> <span class='ocrx_word' id='word_1_413' title='bbox 320 3878 439 3944; x_wconf 85' lang='lat' dir='ltr'><strong>incitato,</strong></span> <span class='ocrx_word' id='word_1_414' title='bbox 448 3880 577 3929; x_wconf 86' lang='lat' dir='ltr'><strong>velociter</strong></span> <span class='ocrx_word' id='word_1_415' title='bbox 587 3895 634 3944; x_wconf 88' lang='lat' dir='ltr'><strong>per</strong></span> <span class='ocrx_word' id='word_1_416' title='bbox 643 3882 710 3930; x_wconf 81' lang='lat' dir='ltr'><strong>viam</strong></span> <span class='ocrx_word' id='word_1_417' title='bbox 748 3888 824 3931; x_wconf 86' lang='lat' dir='ltr'><strong>eraut</strong></span> <span class='ocrx_word' id='word_1_418' title='bbox 846 3877 953 3931; x_wconf 72' lang='lat' dir='ltr'><strong>rela&#39;ac</strong></span> <span class='ocrx_word' id='word_1_419' title='bbox 977 3882 1071 3945; x_wconf 68' lang='lat' dir='ltr'><strong>plage,</strong></span> <span class='ocrx_word' id='word_1_420' title='bbox 1088 3880 1115 3928; x_wconf 92' lang='lat' dir='ltr'><strong>id</strong></span> <span class='ocrx_word' id='word_1_421' title='bbox 1137 3886 1186 3941; x_wconf 88' lang='lat' dir='ltr'><strong>est,</strong></span> <span class='ocrx_word' id='word_1_422' title='bbox 1212 3879 1284 3928; x_wconf 90' lang='lat' dir='ltr'><strong>disco</strong></span> 
     </span>
     <span class='ocr_line' id='line_1_46' title="bbox 172 3957 1287 4022; baseline -0.004 -13"><span class='ocrx_word' id='word_1_423' title='bbox 172 3958 328 4009; x_wconf 82' lang='lat' dir='ltr'><strong>Flaminiam</strong></span> <span class='ocrx_word' id='word_1_424' title='bbox 349 3959 469 4019; x_wconf 78' lang='lat' dir='ltr'><strong>rebitur3</strong></span> <span class='ocrx_word' id='word_1_425' title='bbox 497 3964 526 4008; x_wconf 86' lang='lat' dir='ltr'><strong>et</strong></span> <span class='ocrx_word' id='word_1_426' title='bbox 554 3959 625 4008; x_wconf 86' lang='lat' dir='ltr'><strong>illam</strong></span> <span class='ocrx_word' id='word_1_427' title='bbox 643 3959 712 4010; x_wconf 87' lang='lat' dir='ltr'><strong>viam</strong></span> <span class='ocrx_word' id='word_1_428' title='bbox 749 3966 851 4022; x_wconf 89' lang='lat' dir='ltr'><strong>operta,</strong></span> <span class='ocrx_word' id='word_1_429' title='bbox 863 3965 892 4007; x_wconf 89' lang='lat' dir='ltr'><strong>ut</strong></span> <span class='ocrx_word' id='word_1_430' title='bbox 910 3958 944 4007; x_wconf 87' lang='lat' dir='ltr'><strong>ab</strong></span> <span class='ocrx_word' id='word_1_431' title='bbox 955 3957 1074 4007; x_wconf 88' lang='lat' dir='ltr'><strong>omuibus</strong></span> <span class='ocrx_word' id='word_1_432' title='bbox 1093 3957 1208 4020; x_wconf 88' lang='lat' dir='ltr'><strong>conspici</strong></span> <span class='ocrx_word' id='word_1_433' title='bbox 1230 3971 1287 4020; x_wconf 75' lang='lat' dir='ltr'><strong>poe</strong></span> 
     </span>
     <span class='ocr_line' id='line_1_47' title="bbox 170 4033 1286 4102; baseline -0.003 -16"><span class='ocrx_word' id='word_1_434' title='bbox 170 4035 386 4102; x_wconf 71' lang='lat' dir='ltr'><strong>qoarlpervolat.</strong></span> <span class='ocrx_word' id='word_1_435' title='bbox 421 4036 507 4085; x_wconf 72' lang='lat' dir='ltr'><strong>Dabla.</strong></span> <span class='ocrx_word' id='word_1_436' title='bbox 699 4038 704 4052; x_wconf 90' lang='grc'><strong>’</strong></span> <span class='ocrx_word' id='word_1_437' title='bbox 749 4035 793 4099; x_wconf 81' lang='lat' dir='ltr'><strong>sit,</strong></span> <span class='ocrx_word' id='word_1_438' title='bbox 804 4035 1017 4100; x_wconf 84' lang='lat' dir='ltr'><strong>objactantiam.</strong></span> <span class='ocrx_word' id='word_1_439' title='bbox 1050 4033 1182 4100; x_wconf 75' lang='lat' dir='ltr'><strong>Velimdo,</strong></span> <span class='ocrx_word' id='word_1_440' title='bbox 1196 4036 1286 4097; x_wconf 85' lang='lat' dir='ltr'><strong>idest,</strong></span> 
     </span>
    </p>

    <p class='ocr_par' dir='ltr' id='par_1_7' title="bbox 205 4108 1285 4177">
     <span class='ocr_line' id='line_1_48' title="bbox 205 4108 1285 4177; baseline 0.003 -15"><span class='ocrx_word' id='word_1_441' title='bbox 205 4108 711 4177; x_wconf 76' lang='lat' dir='ltr'><strong>olPocrAaromeooo1Fnrcusaoriga</strong></span> <span class='ocrx_word' id='word_1_442' title='bbox 748 4125 832 4164; x_wconf 76' lang='lat' dir='ltr'><strong>vacua</strong></span> <span class='ocrx_word' id='word_1_443' title='bbox 843 4127 920 4177; x_wconf 87' lang='lat' dir='ltr'><strong>pene,</strong></span> <span class='ocrx_word' id='word_1_444' title='bbox 932 4127 1010 4177; x_wconf 90' lang='lat' dir='ltr'><strong>quum</strong></span> <span class='ocrx_word' id='word_1_445' title='bbox 1029 4113 1055 4162; x_wconf 89' lang='lat' dir='ltr'><strong>in</strong></span> <span class='ocrx_word' id='word_1_446' title='bbox 1073 4127 1104 4161; x_wconf 91' lang='lat' dir='ltr'><strong>ea</strong></span> <span class='ocrx_word' id='word_1_447' title='bbox 1121 4125 1197 4161; x_wconf 88' lang='lat' dir='ltr'><strong>nemo</strong></span> <span class='ocrx_word' id='word_1_448' title='bbox 1214 4118 1285 4165; x_wconf 86' lang='lat' dir='ltr'><strong>esset</strong></span> 
     </span>
    </p>
   </div>
   <div class='ocr_carea' id='block_1_5' title="bbox 170 4185 1278 4328">
    <p class='ocr_par' dir='ltr' id='par_1_8' title="bbox 170 4185 1278 4328">
     <span class='ocr_line' id='line_1_49' title="bbox 170 4185 1278 4256; baseline -0.001 -15"><span class='ocrx_word' id='word_1_449' title='bbox 170 4187 295 4250; x_wconf 79' lang='lat' dir='ltr'><strong>Neronis,</strong></span> <span class='ocrx_word' id='word_1_450' title='bbox 305 4193 336 4237; x_wconf 91' lang='lat' dir='ltr'><strong>ut</strong></span> <span class='ocrx_word' id='word_1_451' title='bbox 347 4186 513 4237; x_wconf 85' lang='lat' dir='ltr'><strong>Automedon</strong></span> <span class='ocrx_word' id='word_1_452' title='bbox 525 4185 642 4240; x_wconf 76' lang='lat' dir='ltr'><strong>Achillis.</strong></span> <span class='ocrx_word' id='word_1_453' title='bbox 665 4188 713 4237; x_wconf 90' lang='lat' dir='ltr'><strong>Di·</strong></span> <span class='ocrx_word' id='word_1_454' title='bbox 748 4197 847 4256; x_wconf 82' lang='lat' dir='ltr'><strong>praeter</strong></span> <span class='ocrx_word' id='word_1_455' title='bbox 858 4206 926 4240; x_wconf 87' lang='lat' dir='ltr'><strong>eum.</strong></span> <span class='ocrx_word' id='word_1_456' title='bbox 968 4190 1083 4240; x_wconf 73' lang='lat' dir='ltr'><strong>Martial.</strong></span> <span class='ocrx_word' id='word_1_457' title='bbox 1095 4191 1172 4254; x_wconf 83' lang='lat' dir='ltr'><strong>Epig.</strong></span> <span class='ocrx_word' id='word_1_458' title='bbox 1185 4194 1278 4242; x_wconf 80' lang='lat' dir='ltr'><strong>xr.99.</strong></span> 
     </span>
     <span class='ocr_line' id='line_1_50' title="bbox 170 4265 1156 4328; baseline 0.003 -13"><span class='ocrx_word' id='word_1_459' title='bbox 170 4266 316 4317; x_wconf 81' lang='lat' dir='ltr'><strong>citantem</strong></span> <span class='ocrx_word' id='word_1_460' title='bbox 333 4279 406 4328; x_wconf 80' lang='lat' dir='ltr'><strong>puer:</strong></span> <span class='ocrx_word' id='word_1_461' title='bbox 431 4279 490 4313; x_wconf 85' lang='lat' dir='ltr'><strong>uam</strong></span> <span class='ocrx_word' id='word_1_462' title='bbox 508 4278 573 4327; x_wconf 89' lang='lat' dir='ltr'><strong>puer</strong></span> <span class='ocrx_word' id='word_1_463' title='bbox 584 4265 654 4315; x_wconf 83' lang='lat' dir='ltr'><strong>bona</strong></span> <span class='ocrx_word' id='word_1_464' title='bbox 665 4275 712 4315; x_wconf 78' lang='lat' dir='ltr'><strong>sua</strong></span> <span class='ocrx_word' id='word_1_465' title='bbox 743 4268 837 4320; x_wconf 65' lang='lat' dir='ltr'><strong>bebio.</strong></span> <span class='ocrx_word' id='word_1_466' title='bbox 1154 4269 1156 4272; x_wconf 80' lang='grc'><strong>’</strong></span> 
     </span>
    </p>
   </div>
   <div class='ocr_carea' id='block_1_6' title="bbox 169 4340 1282 4412">
    <p class='ocr_par' dir='ltr' id='par_1_9' title="bbox 169 4340 1282 4412">
     <span class='ocr_line' id='line_1_51' title="bbox 169 4340 1282 4412; baseline 0.004 -20"><span class='ocrx_word' id='word_1_467' title='bbox 169 4340 318 4408; x_wconf 64' lang='grc' dir='ltr'><strong>ωήμιιὼ</strong></span> <span class='ocrx_word' id='word_1_468' title='bbox 337 4340 503 4412; x_wconf 82' lang='lat' dir='ltr'><strong>perdiderat:</strong></span> <span class='ocrx_word' id='word_1_469' title='bbox 515 4340 571 4408; x_wconf 85' lang='lat' dir='ltr'><strong>jam</strong></span> <span class='ocrx_word' id='word_1_470' title='bbox 582 4341 669 4392; x_wconf 80' lang='lat' dir='ltr'><strong>senior</strong></span> <span class='ocrx_word' id='word_1_471' title='bbox 683 4348 713 4392; x_wconf 87' lang='lat' dir='ltr'><strong>et</strong></span> <span class='ocrx_word' id='word_1_472' title='bbox 775 4348 819 4395; x_wconf 50' lang='grc' dir='ltr'><strong>λ11117</strong></span> <span class='ocrx_word' id='word_1_473' title='bbox 825 4344 862 4394; x_wconf 82' lang='lat' dir='ltr'><strong>Et</strong></span> <span class='ocrx_word' id='word_1_474' title='bbox 871 4345 972 4395; x_wconf 73' lang='lat' dir='ltr'><strong>neuma</strong></span> <span class='ocrx_word' id='word_1_475' title='bbox 982 4343 1086 4406; x_wconf 71' lang='lat' dir='ltr'><strong>reserens</strong></span> <span class='ocrx_word' id='word_1_476' title='bbox 1096 4346 1126 4395; x_wconf 78' lang='lat' dir='ltr'><strong>dr</strong></span> <span class='ocrx_word' id='word_1_477' title='bbox 1137 4341 1282 4410; x_wconf 65' lang='lat' dir='ltr'><strong>Merene]</strong></span> 
     </span>
    </p>
   </div>
   <div class='ocr_carea' id='block_1_7' title="bbox 0 0 1551 4934">
    <p class='ocr_par' dir='ltr' id='par_1_10' title="bbox 0 0 1551 4934">
     <span class='ocr_line' id='line_1_52' title="bbox 0 0 1551 4934; baseline 0 0"><span class='ocrx_word' id='word_1_478' title='bbox 0 0 1551 4934; x_wconf 95' lang='lat' dir='ltr'><strong> </strong></span> 
     </span>
    </p>
   </div>
  </div>
 </body>
</html>
