3084 4934
599 360 740 412 suumn
763 355 853 411 xm.

176 502 252 571 Nos
265 504 435 572 hominum
451 504 641 590 Divumque
654 506 753 575 fidem
767 507 912 572 clamore
923 506 1060 587 ciemus,

176 605 315 686 Quanto
330 607 514 675 Faesidium
526 609 641 674 laudat
656 610 785 675 vocalis
795 614 947 693 agentem

174 708 343 794 Sportula.
386 712 455 777 Dic
468 712 578 778 senior
590 713 685 777 bulla
697 711 904 795 dignissime,
917 711 1041 791 nescis,

176 810 275 891 Quas
288 813 409 880 habeat
422 814 568 881 Veneres
583 815 694 882 511555
706 815 876 899 pecnnial
897 814 1020 891 nescis,

177 911 287 993 Quem
300 920 357 981 155
371 918 570 1001 simplicitas
583 918 688 983 risum
700 919 802 1001 vulgo
817 922 960 996 moveat,
972 937 1051 983 cum
1242 918 1287 987 35

115 1011 118 1017 “
175 1013 297 1098 Exigis
312 1038 334 1082 5
347 1038 528 1104 quoquam,
541 1038 584 1084 ne
597 1019 735 1106 pejeret,
749 1024 783 1084 et
796 1024 891 1104 putet
903 1020 982 1085 ullis

176 1116 263 1184 Esse
278 1121 416 1205 aliquod
428 1141 553 1188 numen.
562 1124 705 1208 templis,
720 1142 855 1207 araeque
869 1123 1023 1189 rubentil

175 1286 221 1362 5115
231 1288 326 1337 Mallo
339 1289 459 1365 imposuit.
493 1290 692 1340 Nouissume
708 1307 776 1356 opem
792 1290 950 1341 1551551555
965 1291 1080 1353 nom,
1090 1294 1163 1341 15515
1171 1286 1285 1350 meiius·

174 1355 248 1414 15555,
259 1358 349 1415 questu
359 1354 492 1404 Persidem
505 1361 657 1418 perornatos
664 1358 759 1406 55151111
769 1358 871 1406 51555555
881 1358 996 1420 55551515.
1039 1356 1102 1406 Fure
1112 1355 1188 1404 vetule
1198 1354 1285 1405 1511555

174 1417 310 1480 merite,
322 1433 355 1467 55
365 1421 463 1481 morus
476 1426 571 1483 555515
586 1421 636 1470 sint
652 1422 767 1472 11555155
777 1436 923 1470 umectum
934 1418 1051 1471 ulterius?
1077 1422 1177 1484 lmus
1186 1425 1286 1485 putor

176 1482 265 1559 excitet
274 1484 398 1533 5551155155
413 1485 478 1547 plebi
489 1490 530 1533 tuo
541 1486 690 1550 51555ὶί51155,
700 1489 791 1551 qundo
816 1487 915 1551 :poscit
930 1487 960 1535 55
975 1487 1053 1550 aliquo
1068 1501 1099 1535 ue
1109 1484 1285 1562 Ι5555151151,

175 1550 570 1610 emeatpemwoemlim
580 1551 608 1600 in
618 1548 1147 1617 peiduedonscnir,utpmluriburubml
1169 1551 1207 1600 Eo
1217 1550 1285 1601 55555

176 1758 355 1811 Praestiterit:
383 1761 475 1818 Quinte
492 1767 553 1813 atus
568 1761 727 1826 apim-su
742 1761 856 1826 imposuit
875 1767 1024 1814 154153
1042 1762 1124 1828 ejecti
1143 1777 1158 1812 5
1177 1765 1285 1813 ts-sa

177 1824 278 1882 Quando
295 1827 371 1891 legit,
391 1828 433 1876 rel
452 1834 523 1878 certe
541 1827 568 1876 in
584 1842 653 1876 vers.
674 1838 791 1892 german.
810 1829 941 1892 expressit
962 1829 1072 1891 Bahrdt.
1105 1827 1157 1878 Sed
1177 1823 1286 1891 vulgata

174 1889 255 1940 lectio
266 1891 342 1956 longe
354 1892 450 1955 aptior,
461 1892 567 1942 511555
575 1893 660 1956 major
671 1893 710 1940 vis
721 1900 771 1941 est.
809 1894 938 1942 Faesidium
949 1897 973 1942 1.
985 1898 1026 1944 10.
1036 1898 1077 1943 11.
1090 1896 1130 1942 12.
1142 1896 1183 1942 14.
1194 1894 1286 1942 1518.

176 1957 218 2004 22.
230 1960 272 2005 54.
284 1960 377 2007 5510.
389 1960 483 2008 1510.
495 1960 536 2007 82.
572 1956 706 2006 Fessidiam
724 1961 764 2005 20.
783 1961 824 2007 24.
835 1962 877 2007 25.
888 1962 930 2007 21.
941 1962 984 2008 41.
994 1962 1036 2008 ts.
1047 1963 1089 2007 50.
1102 1961 1187 2007 sens.
1200 1960 1286 2007 11-14.

175 2023 216 2070 11.
250 2020 424 2071 1155515510.
458 2020 598 2071 Ρ155151555
614 2025 655 2070 21.
667 2024 708 2070 25.
720 2026 761 2070 45.
776 2025 818 2072 46.
853 2023 1001 2072 Phedulium
1011 2026 1053 2073 40.
1086 2021 1286 2071 Ρ15515155511.

176 2083 286 2135 &tilium
297 2090 338 2136 16.
370 2087 449 2136 155551
460 2091 500 2136 25.
511 2089 552 2137 50.
564 2089 604 2136 51.
613 2091 656 2137 50.
666 2089 775 2137 00-54
791 2087 868 2137 adest
887 2102 903 2137 5
922 2090 962 2138 10.
974 2092 1073 2153 etpost
1084 2101 1123 2138 vs.
1134 2090 1176 2137 115.
1189 2086 1286 2152 legitur

673 2219 784 2270 NOTAE

207 2336 238 2382 51
268 2331 321 2382 Nos
341 2332 460 2385 15515555
478 2335 614 2402 Divosque
624 2334 710 2403 fider,
750 2338 795 2404 qui
823 2337 905 2390 ternis
928 2334 1041 2388 denariis
1069 2332 1103 2384 ed
1128 2332 1286 2385 1555555515

174 2410 227 2475 lfa]
260 2410 368 2462 Scilicet
385 2424 441 2477 prae
459 2419 566 2478 stupore
586 2416 659 2465 reiut
676 2416 709 2467 55
749 2417 894 2467 hahentur.
927 2416 963 2466 Et
975 2421 1063 2466 tamen
1072 2411 1169 2463 crescit
1184 2411 1212 2460 in
1231 2406 1286 2460 dies

174 2505 230 2541 rem
257 2507 351 2543 novam
373 2495 556 2559 exclamamus,
583 2510 642 2546 curn
669 2499 710 2546 tut
749 2496 795 2546 1115
805 2495 925 2559 foeditas,’
941 2495 1043 2561 inquit:
1061 2492 1108 2542 ‘in
1124 2489 1209 2541 media
1220 2488 1288 2539 basi

173 2568 274 2618 scelera
299 2569 411 2631 grassari
436 2569 560 2619 videmus.
609 2571 709 2621 Verum
748 2573 801 2624 lica
811 2575 934 2639 sportulae
952 2574 1046 2623 dantur
1063 2571 1150 2637 palam
1161 2575 1190 2619 nt
1202 2567 1229 2617 in
1241 2567 1287 2617 tri·

174 2644 238 2719 quid
249 2645 320 2695 alind
328 2644 398 2696 ferre
409 2651 498 2710 potest
509 2647 633 2697 saeculum
650 2661 710 2712 pes·
749 2651 844 2702 clinice
873 2651 940 2702 tanti
952 2656 1067 2711 constat,
1077 2653 1108 2698 ut
1119 2646 1153 2697 515
1171 2644 1287 2695 disertis·

175 2721 277 2785 simum,
293 2723 496 2788 5155155555),
514 2729 604 2772 nostru
622 2722 709 2773 ferrea
748 2729 844 2781 simus:
868 2731 917 2781 hoc
934 2731 1020 2794 pretio
1038 2727 1160 2778 subsellia
1178 2724 1287 2789 implen-

174 2796 306 2848 (1018110ῐὲ
748 2813 800 2869 tur,
811 2808 860 2857 hoc
872 2805 967 2858 infiniti
978 2808 1104 2856 clamores
1125 2815 1288 2853 commoven-

206 2875 340 2926 Hom'mm
350 2877 483 2940 Ditemque
484 2875 573 2941 sidem]
587 2877 709 2942 volgaris
749 2883 938 2932 tun—Primus
966 2883 1035 2932 hunc
1063 2893 1161 2929 morem
1181 2876 1286 2928 induxit

174 2953 548 3016 80050011150501115015110·
750 2958 873 3023 Licinius,
901 2965 930 3010 ut
958 2958 1090 3009 auditores
1118 2952 1286 3019 corrogaret,’

205 3032 239 3078 82
268 3030 363 3085 Quanto
385 3029 516 3079 Faesidium
543 3032 634 3094 155551,
657 3033 710 3098 isc]
748 3037 798 3085 &c

174 3103 308 3157 Quantum
330 3106 411 3155 edunt
438 3107 578 3156 clamorem
599 3108 708 3158 clientes
781 3114 813 3161 11
831 3109 955 3175 Sportula]
970 3112 1015 3160 De
1027 3109 1074 3159 lrac
1085 3105 1142 3158 fuse
1154 3108 1208 3157 Sat.
1219 3117 1239 3159 1.
1251 3105 1286 3157 55

173 3183 295 3232 mercede
313 3182 447 3246 conducti,
463 3197 491 3233 et
508 3187 627 3249 sportula
644 3186 708 3235 invi·
748 3204 787 3237 vs.
799 3188 840 3237 95.
852 3194 879 3235 51
891 3202 943 3252 seq.
1373 3236 1378 3245 ,

173 3260 224 3310 tati
235 3260 269 3310 od
281 3251 410 3310 tollendas
429 3278 516 3323 voces,
524 3262 630 3327 pulchre,
642 3263 708 3326 bene,
781 3261 1017 3327 Buiiudignissimt]
1042 3256 1286 3322 0551555155.

172 3343 244 3399 reete,
257 3336 319 3385 dum
330 3336 385 3400 agit
395 3337 421 3385 in
433 3336 487 3386 foro
497 3347 524 3388 51
536 3354 639 3388 causum
651 3354 709 3403 per·
748 3341 791 3391 nio
811 3341 882 3406 quasi
902 3352 1098 3404 repuerascens,
1125 3339 1194 3401 (erat
1214 3337 1285 3386 enim

173 3421 232 3464 orat
249 3413 384 3462 Faesidius.
416 3414 459 3463 Sic
482 3415 550 3463 enim
570 3415 710 3479 Causidici,
748 3416 820 3466 bulla
832 3431 972 3481 puerorum
983 3415 1092 3479 insigne,
1103 3421 1132 3465 ut
1145 3412 1239 3462 notabo
1251 3410 1286 3462 ad

172 3492 276 3553 Poetae,
292 3491 441 3540 Histriones
459 3492 594 3541 recitaturi
613 3492 708 3541 condo·
749 3494 823 3543 Pers.
834 3494 889 3543 Sat.
900 3509 927 3543 v.
947 3509 986 3541 vs.
998 3492 1053 3556 51.)
1073 3506 1104 3540 55
1123 3490 1187 3539 5555
1199 3502 1284 3539 rerum

173 3568 271 3618 cebant
282 3567 395 3617 homines
407 3569 451 3632 qni
463 3568 610 3617 dicentibus
624 3569 709 3618 arcls-
749 3569 885 3634 imperitns
894 3570 941 3619 es?
958 3568 1102 3618 Salsissima
1113 3567 1285 3633 undequaque

172 3652 286 3708 merent,
305 3661 335 3696 55
358 3647 453 3711 populo
473 3648 598 3710 preeirent
616 3647 648 3695 ad
666 3662 709 3710 ap·
748 3646 847 3715 iponiar

171 3723 349 3788 plaudendum
388 3731 466 3789 utque
503 3724 708 3788 approbandum.
782 3726 812 3773 15
827 3725 887 3773 Cum
897 3724 1134 3788 euigisuquopuum
1144 3721 1198 3785 isc]
1209 3720 1285 3771 Adeo

173 3799 268 3851 Horat.
285 3801 369 3862 Epist.
389 3815 409 3849 1.
426 3806 466 3850 19.
483 3802 563 3850 ‘Non
581 3817 629 3864 ego
648 3817 708 3850 ven·
748 3800 844 3851 bardus
855 3818 892 3862 es,
903 3809 932 3850 ut
949 3802 1026 3850 fldem
1046 3802 1145 3865 exigas,
1156 3815 1215 3848 cum
1228 3813 1287 3862 per·

173 3874 565 3942 155555155155551531555555,
579 3876 708 3942 Impensis
745 3878 818 3942 juria
840 3879 941 3943 aliaque
964 3876 1082 3927 facinora
1107 3875 1284 3925 invaluerunt.

173 3967 314 4014 coenarum,
337 3962 365 4000 et
390 3954 460 4001 tritae
487 3969 593 4003 munere
610 3952 709 4005 vestis!
748 3950 845 4003 Ironiu.

171 4028 240 4080 Vide
254 4029 322 4079 Plin.
334 4029 416 4092 Epist.
428 4043 461 4078 rr.
474 4033 513 4078 14.
535 4029 578 4078 ubi
597 4028 709 4081 conduc·
781 4033 812 4078 31
826 4030 886 4079 Esse
894 4030 989 4093 aliquod
998 4027 1094 4090 numen]
1107 4026 1190 4080 'Quasi
1202 4025 1285 4088 dicat,
1384 4024 1385 4028 ’

174 4111 214 4155 155
226 4105 354 4170 ejusmodi
365 4096 512 4154 laudatores
523 4106 648 4169 exagitat,
664 4121 708 4155 vo·
748 4104 863 4170 imperiti
873 4106 1002 4155 duntaxat
1015 4105 1071 4168 jam
1080 4103 1284 4154 verenturDeos

174 4190 269 4248 eatque
281 4182 477 4245 ι1555155555,
494 4184 624 4233 redemtos
640 4199 709 4233 man-
747 4181 921 4248 perjuriorum
930 4180 1056 4232 vindices.

172 4257 259 4335 cipes,
287 4256 416 4310 auditores
444 4259 576 4310 actoribus
602 4258 708 4324 similes,
1106 4264 1110 4271 '
