3084 4934
281 419 346 489 82⁰
637 436 745 486 moror
769 435 972 486 versionum
997 434 1036 487 ru

281 582 357 645 sales,
371 591 425 631 *cur
440 577 530 630 ludera
548 577 621 630 uobis
645 576 813 642 Nouellum,
851 592 937 628 rursus
963 576 1062 643 dejicit,
1087 591 1152 643 quos
1179 574 1286 627 fortuna
1307 582 1385 640 rotat,

280 659 354 710 licuit
361 657 420 707 ὰιιιπ
426 655 814 722 jugularetibi.'-Popalm·iter]
850 662 948 719 versat,
958 654 1050 719 agitat,
1061 653 1267 719 tenta-Jamq
1280 652 1384 704 Ridicu-

280 735 358 787 More
369 734 449 799 vulgi,
460 733 563 799 passim,
574 734 676 786 leviter.
709 749 814 800 perpo·
850 736 903 784 lum
913 732 985 798 quid,
994 732 1050 782 sine
1065 731 1165 783 ratione
1176 745 1264 796 agere.
1297 730 1384 781 Leto.

281 813 380 878 pulum,
397 811 494 875 populo
512 809 631 873 favente3
659 812 732 877 quasi
743 812 815 863 dicat
883 813 913 859 ll
933 808 998 864 Quid
1010 806 1201 870 Romoefuciatu]
1225 806 1315 857 Verba
1324 814 1385 859 sunt

179 922 182 927 -
280 886 635 953 omnibusspplaudentibur.
668 889 814 954 Graugaeus
851 883 1146 948 Umbritli‚etosteudit
1163 899 1190 934 se
1207 886 1385 935 Romaiuuti-

282 965 815 1033 explieataic,Utcaptautsurampupu-
850 962 902 1012 lem
924 977 988 1027 esse,
1003 977 1061 1012 eum
1079 962 1161 1012 malas
1183 961 1291 1012 aliorum
1313 969 1384 1013 artes

282 1045 365 1094 larem
385 1051 413 1094 et
432 1041 518 1092 studia
537 1043 609 1107 vulgi
629 1050 815 1109 sequuntur.-
852 1039 1100 1104 ignoret—Mentiri
1109 1039 1198 1103 acacio]
1223 1040 1261 1089 Ut
1270 1039 1387 1090 adulato-

283 1121 342 1172 lade
365 1119 460 1181 reterri,
479 1118 534 1183 ipo]
566 1117 590 1168 A
611 1119 770 1181 muneribus,
787 1126 816 1169 et
852 1131 894 1166 res
911 1124 940 1166 et
961 1116 1091 1167 delatores
1117 1116 1253 1177 bonorum,
1277 1118 1386 1167 Catulum

282 1198 364 1262 caede,
378 1214 394 1248 a
412 1197 479 1248 ludis
498 1189 610 1261 scilicet,
629 1196 650 1245 ai
669 1198 745 1247 modo
761 1195 816 1246 ludi
852 1201 881 1245 ct
897 1193 1028 1255 Asturius,
1045 1194 1089 1259 qui
1105 1194 1154 1243 hoc
1166 1194 1271 1258 egregie
1283 1203 1385 1245 norunt.

281 1283 351 1339 sunt,
361 1275 406 1326 ubi
424 1275 498 1325 multi
515 1289 563 1338 per
582 1274 672 1325 ludum
687 1273 817 1324 contruci·
852 1273 999 1337 -Meatirq
1016 1272 1106 1334 ldest,
1113 1271 1223 1335 Nigrum
1234 1272 1261 1320 in
1273 1271 1386 1321 candida

283 1352 386 1403 dantur.
427 1351 639 1413 Lesbia-Vulgus
660 1351 745 1413 Quem,
764 1351 817 1415 lfa]
852 1357 964 1399 vertere.
997 1350 1072 1398 ldeor.

285 1430 329 1482 Ab
347 1429 386 1478 his
403 1428 514 1493 populus
530 1427 668 1489 occiditur,
679 1442 743 1491 quos
755 1434 817 1477 aute
884 1430 917 1476 tu
933 1424 1163 1488 LibramSimalus]
1179 1425 1280 1476 Dehac
1288 1440 1316 1476 re
1327 1425 1385 1475 ride

285 1505 396 1572 populus
414 1503 537 1568 jubebat,
556 1503 583 1553 id
603 1510 653 1565 est,
671 1504 817 1568 imperabat
854 1503 990 1553 Horatium
1002 1502 1035 1551 dc
1046 1508 1113 1564 arte,
1124 1508 1152 1552 et
1168 1502 1289 1552 Persium
1300 1503 1355 1553 Sat
1365 1517 1385 1552 1.

283 1581 369 1635 occidi
380 1580 395 1609 “
405 1580 567 1644 populariter
582 1579 597 1608 ¹
614 1578 762 1629 amabilium
779 1578 817 1631 fa·
852 1580 998 1644 —Poaeerc]
1016 1580 1121 1630 Librum
1131 1581 1387 1646 describendumper

281 1665 360 1708 vente
372 1658 477 1720 pupulo.
514 1657 565 1706 Vet.
576 1655 630 1705 sel.
853 1658 1039 1713 adulationem:
1059 1657 1102 1707 vel
1114 1672 1223 1722 poscere
1231 1658 1329 1724 aliquid
1338 1673 1385 1723 pro

314 1739 348 1786 38
365 1734 425 1783 lade
441 1732 541 1797 reond]
573 1733 590 1782 i.
603 1748 625 1782 e.
645 1747 661 1782 a
680 1732 747 1782 ludis
763 1734 816 1794 gla·
853 1735 1002 1784 adulatione
1014 1749 1081 1798 mea,
1093 1743 1214 1799 tanquam
1225 1735 1269 1800 qui
1284 1734 1387 1785 mirabi-

282 1809 401 1862 dlatoriis
416 1816 443 1860 et
460 1809 722 1859 caedibusbumiuum.
754 1811 815 1872 Vel,
853 1812 914 1861 liter
932 1813 1045 1875 placeat,
1063 1818 1089 1860 et
1106 1826 1157 1876 quo
1175 1811 1303 1861 delecter.
1335 1812 1386 1861 Vel

281 1890 363 1941 Hisce
390 1888 689 1939 relictum-Condacum
710 1886 815 1950 sociem]
853 1904 961 1954 poscere
982 1903 1082 1954 nequeo
1109 1887 1254 1938 adulatorie
1280 1885 1386 1951 librum,

281 1965 397 2019 Quidam
418 1965 532 2029 vectigal
552 1961 743 2025 stercorarium,
760 1963 816 2027 qui·
853 1980 930 2031 quem
939 1980 990 2016 nou
1000 1966 1088 2030 probo.
1101 1965 1274 2015 Funeb—Et
1281 1981 1386 2029 possem

284 2041 345 2099 dam
366 2041 501 2104 vinarium,
524 2039 569 2089 alii
595 2040 683 2090 domos
708 2039 815 2104 publico
852 2046 905 2110 aa]
921 2043 1193 2094 Maleficusnousum.
1219 2044 1338 2094 vernol.

280 2126 367 2170 sumtu
384 2118 416 2168 ad
436 2117 571 2169 locandum
587 2116 727 2166 aedificatas
738 2117 816 2167 intel·
883 2128 916 2173 43
934 2125 1018 2174 Motae
1027 2123 1155 2188 meorum]
1171 2124 1210 2174 Ut
1220 2123 1308 2174 futura
1321 2138 1386 2189 pree·

279 2197 375 2260 figunt,
393 2194 816 2261 08⁰V0f⁰l⁸ffi¹¹⁸⁸⁸⁸elli⁸iffl·
852 2201 947 2252 dicem.
981 2203 1042 2253 Non
1062 2218 1119 2252 auru
1135 2202 1287 2268 astrologus,
1298 2203 1387 2253 emitto

281 2275 351 2339 pltris
363 2273 558 2335 exhauriendas,
566 2286 612 2335 prb
620 2270 714 2335 quibus
723 2269 814 2335 ingens
852 2280 964 2343 pessimo
975 2279 1107 2329 homiuum
1118 2293 1224 2343 genere,
1240 2279 1285 2344 qui
1297 2280 1385 2329 Rpmae

281 2362 382 2401 merem
392 2349 454 2412 il)sis
466 2347 650 2413 remelium,
661 2362 718 2396 ⁰⁰⁰¹
731 2347 815 2412 publi·
852 2361 940 2406 tamen
952 2357 1037 2422 gratia
1052 2363 1079 2405 et
1097 2355 1240 2406 autoritate
1252 2355 1322 2418 apud
1333 2369 1386 2404 urn-

282 2427 319 2477 ⁰¹⁸
331 2425 488 2491 spasmum
505 2424 642 2474 immensas
660 2438 722 2487 ones
742 2424 816 2473 attri-
852 2446 899 2482 ass
911 2431 1230 2494 valeatne-momulus]
1256 2431 1321 2480 mlta
1338 2431 1385 2493 mr,

282 2504 391 2554 visscut.
422 2504 471 2553 Vel
483 2499 815 2568 potiuscensumquiiuse-
853 2509 897 2574 qul
908 2514 964 2559 ante
974 2510 1037 2560 dmm
1045 2509 1139 2575 patrios
1149 2508 1386 2572 iaquisitionem&

282 2579 446 2629 reuduserat
462 2579 489 2627 in
508 2578 816 2629 amriumuomiuestcr·
852 2585 1131 2636 ueletiamcreditori.
1165 2584 1387 2635 Fama-Fun

281 2656 349 2706 coris
360 2662 389 2706 el
398 2657 490 2705 uriflae·
523 2654 582 2705 Vld·
595 2655 667 2719 Hm·
686 2653 720 2703 (le
740 2655 815 2720 Μιε-
849 2662 1000 2726 proruitm]
1024 2662 1082 2724 llis,
1093 2660 1137 2727 qui
1148 2660 1196 2710 sub
1208 2675 1300 2711 severo
1310 2668 1385 2725 patre

282 2732 366 2783 uitud.
376 2747 408 2784 ιι.
416 2738 440 2783 6.
451 2731 518 2798 quod
527 2745 618 2782 usuum
629 2730 676 2780 riri
686 2744 815 2795 proceres,
853 2747 970 2803 agentes,
988 2739 1022 2789 de
1048 2744 1132 2788 morte
1157 2737 1238 2803 ipsius
1260 2738 1385 2802 cogitant.

283 2820 315 2864 ut
331 2819 407 2864 notat
425 2812 561 2876 Euagrius,
572 2826 624 2860 uon
642 2809 727 2874 aliter,
738 2825 815 2874 quam
855 2815 909 2866 Vct.
921 2814 977 2864 Sall.

282 2890 420 2955 militarem
439 2889 549 2954 aliquam
564 2885 746 2952 praefecturam
763 2903 816 2937 aur·
883 2898 917 2944 44
928 2893 1385 2959 Ranmmsboemmpmimpeoel]

282 2966 465 3019 mebant-Et
481 2980 525 3014 eur
539 2979 586 3013 aurs
595 2963 685 3037 omaiq]
708 2963 815 3013 Scilicet
851 2969 956 3020 Alludit
974 2968 1008 3018 ad
1028 2969 1181 3032 Haruspicis
1199 2968 1322 3031 officium,
1341 2971 1384 3034 qui

282 3043 309 3093 lri
328 3043 521 3094 conducerent?
552 3042 648 3091 Omnia
668 3040 737 3090 enim
757 3056 815 3105 pus·
852 3053 914 3096 exta
933 3051 960 3095 et
976 3046 1075 3095 viscera
1090 3044 1252 3109 inspiciebat.
1286 3046 1384 3097 Plinius

280 3128 351 3182 suut,
370 3135 429 3170 eum
447 3116 554 3169 fortuna
564 3118 628 3182 ipsis
637 3116 735 3168 faveat.
766 3117 815 3168 La·
852 3121 952 3185 iuquit:
969 3122 1027 3172 ‘Ex
1039 3114 1386 3185 ranaerubetueiiaceribum

280 3195 474 3259 bia-Fortem]
491 3194 622 3257 Stercore,
633 3194 682 3245 boc
694 3199 744 3257 est,
754 3208 814 3245 vec·
851 3200 878 3249 id
890 3207 940 3261 est,
952 3200 1049 3262 linqua,
1064 3199 1183 3261 ossiculo,
1197 3199 1277 3262 liene,
1298 3199 1385 3264 corde,

279 3275 353 3338 tigal.
376 3275 469 3324 Forire
480 3280 521 3322 est
534 3286 591 3337 pro,
600 3272 742 3321 deonerare
754 3285 814 3320 ven·
850 3275 979 3326 miraberi
987 3276 1322 3340 possecomtat‚suutenim
1330 3278 1385 3341 plu
1460 3318 1465 3337 ,
1507 3270 1508 3287 ’

279 3361 355 3403 trem.
389 3347 814 3413 Forireest¹nouforasejicerc.
851 3353 920 3402 einris
932 3352 1140 3402 medicaminibus
1151 3353 1265 3403 mserta'
1306 3355 1384 3405 Forte

280 3428 335 3478 Alii
358 3428 479 3478 tabernas
501 3426 591 3477 dicunt
613 3424 671 3476 foro
692 3427 812 3477 vicinase
850 3430 974 3493 intelligit
984 3430 1105 3481 rubetam
1118 3431 1160 3481 vel
1179 3429 1312 3497 bufonem,
1320 3432 1383 3481 indi-

281 3505 325 3555 alii
336 3506 447 3570 vectigal
458 3505 592 3566 vinarium,
600 3504 669 3569 quod
679 3519 712 3553 ex
721 3503 814 3555 Africa
851 3522 912 3557 cans
932 3522 959 3555 se
975 3521 1028 3556 uon
1044 3521 1099 3556 esse
1115 3506 1268 3569 veneficum,
1280 3523 1331 3558 nec
1343 3523 1383 3557 ru·

281 3582 308 3631 in
319 3582 409 3631 urbem
420 3581 573 3643 vehebatur,
585 3582 628 3630 alii
644 3580 732 3632 domos
748 3582 814 3644 pub·
852 3584 969 3635 betarum
981 3584 1050 3633 extis
1062 3584 1099 3633 uti
1111 3583 1145 3633 ad
1156 3583 1290 3636 veneficia.
1309 3586 1383 3637 Foru.

278 3659 330 3709 lico
349 3665 436 3708 sumtu
453 3656 595 3708 aedificatas
612 3657 645 3706 ad
665 3658 812 3722 locandum,
850 3662 1007 3711 -Runaram
1015 3659 1117 3724 macas]
1142 3661 1267 3726 Nouxsum
1278 3676 1385 3713 venena·

279 3750 386 3799 quarum
398 3735 570 3784 conductores
580 3735 653 3784 lucca
664 3733 812 3799 capiebant.
850 3739 911 3789 rius.
938 3739 992 3789 Vel.
1002 3738 1058 3788 Sela.

283 3812 403 3863 Vct-Scis.
882 3820 913 3864 to
932 3813 1164 3877 Ferrcsdrruptum]
1197 3813 1290 3875 ldest,
1302 3815 1383 3865 Leno·

311 3894 343 3959 39
356 3890 442 3945 Quales
451 3905 482 3939 ex
492 3887 587 3952 lanata]
598 3888 812 3954 Quandoquidem
850 3891 917 3942 ciuia
927 3905 1048 3941 exercere
1059 3906 1170 3955 nequeo,
1179 3905 1230 3940 non
1239 3906 1295 3941 sum
1308 3893 1383 3942 iuter·

277 3967 330 4016 sint
340 3981 372 4016 cx
384 3980 474 4016 eorum
494 3980 609 4026 numero,
628 3981 691 4029 quos
708 3965 813 4016 fortuna
850 3970 960 4018 nuncius
971 3967 1040 4018 inter
1052 3966 1196 4016 adulteram
1208 3975 1236 4014 et
1248 3967 1383 4030 moechum,

278 4044 347 4093 solet
366 4056 413 4106 per
434 4041 523 4091 ludum
543 4055 575 4090 ex
596 4041 684 4091 humili
704 4043 761 4093 loco
778 4044 810 4092 ad
850 4050 948 4093 utmeo
960 4042 1102 4092 ministeriu
1119 4042 1182 4092 talia
1202 4043 1382 4108 sceleraadju·

278 4120 372 4170 altiora
389 4121 540 4182 provehere.
574 4118 811 4183 tabia-Quales]
850 4135 917 4170 vem.
943 4119 1144 4176 Forum-Qun
1152 4119 1241 4182 uiuit]
1256 4120 1275 4169 i.
1286 4135 1311 4169 e.
1329 4134 1380 4168 mu·

236 4235 239 4239 ,
279 4194 456 4257 ’mammaeam
475 4196 572 4245 Dicere
583 4204 644 4245 aute
656 4193 755 4258 debuit,
772 4201 811 4244 ts-
850 4210 912 4246 nera
931 4203 959 4245 et
978 4195 1169 4251 literas—Qua
1186 4197 1296 4261 mundat]
1324 4195 1380 4246 Hoc

279 4273 327 4333 les,
337 4276 365 4320 et
376 4271 399 4319 si
409 4273 506 4335 quales.
543 4271 663 4322 VetScb.
850 4282 964 4338 esuque
981 4272 1104 4323 mandata
1121 4271 1184 4323 dat:
1210 4287 1269 4323 nam
1289 4272 1380 4324 auroris

308 4351 343 4398 to
359 4348 464 4398 Emollit
474 4347 594 4413 Fortuna]
610 4349 643 4399 Id
653 4355 703 4415 est,
712 4350 810 4415 evehit,
848 4350 1054 4417 nunciisproeter
1063 4348 1381 4416 uteturqmsferebmt,
