3084 4934
239 418 242 425 Ι
264 326 331 394 mit
608 342 728 394 nora
743 341 955 395 1111111111
972 342 1010 392 ra

263 493 313 551 ert,
332 485 458 537 eminenti
477 486 582 537 triclinii
603 486 669 540 loco.
711 489 798 540 (iran-
836 486 946 554 co'rpore
955 486 1373 553 mset,Capellauomerisortiius

262 580 334 630 ans
352 580 455 631 quoqne
473 566 635 630 periphrasin
655 567 722 617 simii
739 580 798 617 esse
836 566 880 628 sit,
891 566 932 614 vel
944 567 1013 630 quod
1024 565 1184 615 induebatur
1191 578 1256 629 sago
1266 564 1373 615 Cilicio.

263 651 349 709 purat,
360 644 387 693 in
398 644 473 708 cujus
486 644 573 708 capite
586 644 669 706 galea,
680 644 797 693 inmane
836 643 1011 693 virlessrodoei
1023 644 1124 692 Miscel.
1139 642 1157 691 l.
1177 656 1197 692 1.
1214 657 1239 692 c.
1250 645 1285 691 1.,
1304 641 1374 690 Rut-

263 732 355 784 perma
364 727 431 782 erat,
449 727 572 785 tanquam
593 720 657 770 alius
675 722 737 772 levis
758 736 798 770 ar·
836 735 970 782 gessaar.
983 720 1074 770 lecal.
1088 733 1167 769 unc.
1180 724 1219 768 15.
1235 719 1372 768 Ferram-

263 805 373 848 maturae
384 797 483 859 militis,
502 812 577 862 quem
593 797 797 862 histrioaliquis
837 799 941 848 literato
952 797 1059 861 Capella]
1092 797 1269 847 Recte-Vetus
1283 796 1376 848 Inter·¹

265 888 354 925 arcum
366 874 474 924 tendere
486 874 606 937 docebat,
616 888 697 938 quare
708 872 798 938 higel-
831 890 897 941 pres
907 876 962 924 hec
974 874 1008 924 de
1020 873 1230 939 campidoctore,
1243 871 1373 935 explicat,

263 953 316 1001 lum
328 951 446 1012 tenebat,
463 952 639 1015 quo-simiam,
656 952 798 1001 1111111111-
837 967 913 1019 quem
925 966 1011 1002 senem
1023 958 1107 1013 vocat,
1125 948 1194 1015 qnod
1206 948 1280 1013 juste
1290 953 1373 996 aetate

265 1034 315 1091 ret,
325 1041 414 1077 severe
422 1027 572 1090 castigaret.
600 1027 798 1089 Intelligitergo
837 1030 961 1092 etplena
979 1029 1058 1078 barba
1076 1025 1241 1076 centuriones
1259 1023 1373 1072 tierent:

264 1120 312 1170 per
322 1105 678 1169 Copeiimcampidoctorem
686 1104 797 1169 aliquem
836 1097 981 1172 sive'qr‘rod
999 1105 1090 1155 hirsuti
1109 1111 1138 1153 ct
1155 1102 1252 1165 impexi
1270 1099 1374 1149 altioris

263 1183 414 1232 histrionem
432 1196 481 1245 per
496 1182 640 1232 convicium
659 1181 800 1247 sicappel·
836 1185 923 1235 etatis
939 1199 995 1234 csse
1012 1184 1173 1233 viderentur.
1206 1177 1375 1242 conferque

264 1260 356 1339 latnnr,
366 1259 436 1323 quod
447 1256 574 1323 ejusmodi
585 1259 699 1317 homines
708 1273 799 1322 capra·
837 1259 907 1311 iufra
927 1262 982 1312 Sat.
1006 1274 1063 1310 xiv·
1098 1263 1152 1309 194.
1189 1259 1225 1307 Et
1245 1256 1373 1305 Persius:

264 1336 411 1384 ruminstar
419 1335 511 1384 hirsuti
520 1349 578 1384 esse
587 1335 716 1384 solerent:
729 1335 799 1385 uude
836 1340 906 1390 ‘Hic
922 1340 1014 1404 aliquis
1029 1339 1062 1387 de
1078 1345 1157 1401 gente
1168 1336 1272 1384 hircosa
1281 1337 1377 1383 centu

263 1412 341 1463 Pers.
361 1411 426 1461 ‘De
453 1419 532 1475 gente
550 1412 652 1461 hircosa
671 1412 799 1462 centurio·
837 1416 955 1466 rionumss
978 1415 1099 1468 Quodex
1110 1412 1199 1461 illuvie
1210 1411 1309 1459 hircum
1320 1407 1376 1457 ole-

263 1488 344 1551 num-J
355 1488 425 1552 quod
442 1488 547 1537 minime
564 1494 738 1538 commentum
748 1500 799 1538 ’111
837 1498 906 1555 rent,
923 1499 950 1542 et
963 1491 1090 1555 promissa
1102 1488 1192 1548 barba,
1208 1484 1374 1548 latomisque

265 1580 325 1614 vum
336 1572 391 1614 est:
410 1564 497 1616 Quare
517 1565 608 1613 kimie
627 1567 715 1629 capello
726 1565 800 1629 legit,
838 1569 939 1633 capillis
950 1568 1094 1618 horrerent.
1119 1565 1204 1614 Miror
1213 1562 1277 1613 nulli
1284 1562 1376 1611 Inter·

265 1649 294 1692 et
316 1642 399 1702 addit,
421 1643 458 1690 sic
477 1641 573 1690 hebere
599 1641 801 1705 1111111111.-
838 1652 942 1709 pretum
952 1644 1028 1695 hicin
1040 1649 1153 1693 mentem
1164 1641 1264 1691 venisse
1276 1637 1377 1689 Ammi-

265 1719 376 1781 Aggere]
403 1718 425 1767 1.
448 1733 472 1769 1.
493 1718 519 1767 in
540 1717 641 1768 castris.
681 1718 801 1769 'liberius
838 1723 882 1772 ani
901 1721 1049 1772 Marcellini
1063 1718 1305 1774 verbadeJuliauo
1318 1716 1377 1765 Cae*-

265 1796 335 1846 enim
346 1797 436 1847 Romae
449 1796 696 1858 castraconstitnit,
708 1795 801 1859 quibus
839 1815 906 1863 sare,
924 1813 1001 1864 quern
1021 1796 1185 1848 contumeliae
1203 1809 1296 1845 caussa
1316 1794 1377 1842 ‘ca-

266 1872 435 1923 Praetorianoe
454 1873 583 1936 cobortes,
601 1888 673 1936 vage
693 1873 800 1922 anteiri
838 1876 941 1940 pellam'
955 1876 1053 1936 dietum
1064 1880 1152 1931 notat:
1175 1872 1320 1922 ‘inodium
1332 1880 1376 1920 ve·-

267 1948 727 2014 tempusetperhoapitiadispersae,
740 1963 801 1998 con·
839 1954 878 2003 nit
900 1968 959 2003 cum
980 1951 1094 2002 victoriis
1115 1951 1168 1999 suis
1197 1949 1297 2011 capella
1322 1960 1376 1996 nnn

266 2026 421 2077 timerentur.
454 2028 494 2076 Ea
508 2027 577 2077 inter
588 2028 802 2091 portasVimina·
839 2031 924 2094 homo,
941 2036 970 2080 ut
981 2031 1106 2079 hirsutum
1121 2028 1252 2079 Juliauum
1264 2038 1376 2088 corpeu-

266 2103 318 2153 lem
329 2110 357 2153 ct
367 2102 529 2153 Tiburtinam
541 2105 600 2167 sita,
612 2104 734 2168 urbisque
746 2119 801 2153 rnu-
838 2107 896 2158 tes!
930 2107 1000 2156 Hinc
1012 2112 1087 2170 patet
1101 2105 1228 2153 hirsutum
1244 2102 1375 2166 capellam

266 2181 302 2231 ris
311 2183 450 2247 conjuncta
461 2184 577 2233 ostendit
594 2184 744 2246 Panvinius,
755 2198 801 2232 un·
839 2200 897 2235 esse
909 2185 1001 2248 Campi
1020 2183 1154 2233 doctorem
1173 2182 1215 2229 vel
1235 2177 1377 2229 Centurio·

266 2258 387 2322 heuggcr
398 2260 469 2310 dicia
480 2268 549 2308 suut.
584 2262 719 2310 Ferrarius
839 2277 908 2325 nem,
926 2261 1089 2311 erudientem
1107 2259 1219 2317 u'ronem
1234 2255 1261 2303 in
1275 2267 1376 2315 aggere,

301 2336 427 2398 1540111,
447 2335 500 2399 irc]
540 2336 692 2399 Descriptio
712 2336 801 2386 militis
839 2340 866 2388 id
885 2336 1045 2402 est,.csstris
1062 2333 1232 2400 praetorianis.
1265 2332 1376 2379 Idem.-

268 2413 367 2477 monis,
375 2415 419 2479 qui
433 2414 552 2464 discebat
557 2415 669 2479 jaculari
687 2415 734 2464 sub
749 2430 801 2464 ma·
840 2416 930 2477 Discit,
938 2415 992 2478 isc]
1005 2414 1099 2463 Arene
1107 2411 1248 2475 magistro,
1254 2407 1376 2471 Capella,

267 2488 357 2552 gistro.
402 2490 447 2540 Ob
468 2491 495 2539 id
512 2491 559 2553 ait,
581 2490 685 2540 metuens
695 2490 800 2554 flagelli.
840 2493 926 2555 campi
937 2491 1054 2540 doctore.
1076 2490 1129 2539 Vct.
1142 2488 1198 2536 Scir.

268 2564 336 2613 Nam
347 2565 506 2628 vapulabant
516 2567 560 2629 qui
572 2581 622 2614 non
638 2565 801 2616 didicissent.
872 2573 921 2618 156
937 2565 1060 2628 Forsitan]
1099 2564 1214 2628 Exponit
1228 2561 1284 2625 jam
1302 2574 1377 2610 caua

268 2639 336 2689 Vide
348 2639 473 2705 Graugmi
487 2651 562 2691 notas
580 2642 607 2690 in
622 2643 690 2690 huuc
708 2643 800 2692 locum.
839 2661 904 2708 sam,
922 2642 1118 2709 quere-patroni
1130 2655 1188 2690 suos
1198 2639 1308 2688 clientes
1320 2644 1375 2686 tam

267 2716 416 2781 —Fiegelir‘J
457 2718 569 2767 Poetica
592 2720 698 2769 licentia
714 2719 802 2784 flagel-
839 2724 932 2772 misere
944 2727 1068 2783 tractent,
1086 2720 1175 2783 aitque
1186 2729 1302 2766 essenon
1315 2727 1375 2765 ava·

267 2791 321 2841 lum
342 2807 390 2856 pro
407 2795 463 2844 vite
487 2796 663 2858 centurionis,
686 2811 737 2861 qua
755 2798 801 2847 mi·
840 2799 936 2863 ritiam,
955 2797 1001 2847 sed
1018 2797 1180 2861 petulantem
1201 2791 1328 2841 malitiam
1347 2797 1376 2840 et

266 2867 327 2917 fit&
352 2871 546 2935 plectebantur,
566 2889 582 2922 Ε
605 2875 732 2925 Juvenale
757 2890 802 2938 po
840 2875 1062 2934 malevolentiam
1076 2869 1375 2936 nonquodsumtuipar·

268 2943 355 2995 situm.
372 2945 702 3013 Iden.—Metaensqae,iso.]
730 2950 801 3001 Qua·
840 2961 910 3016 cant,
932 2954 977 3003 scd
1002 2953 1069 3018 quod
1092 2950 1143 3000 illis
1171 2947 1279 3011 cupiant
1303 2957 1375 3008 aegrt

267 3021 318 3069 lem
327 3022 402 3073 simia
412 3024 714 3088 manducate—Quina]
728 3026 801 3076 Tiro.
839 3030 938 3093 farere,
948 3031 1056 3094 illosque
1065 3028 1160 3077 ridere.
1194 3024 1306 3075 nonme.

272 3097 389 3149 Vereor.
873 3110 921 3156 157
941 3108 975 3156 Ut
993 3107 1082 3170 daher]
1125 3105 1164 3152 Ut
1185 3101 1256 3164 fleas,
1276 3106 1304 3150 et
1325 3098 1375 3164 ipsi

300 3178 347 3224 155
370 3176 409 3226 Ab
427 3177 531 3239 hirsuto,
549 3179 604 3242 irc]
648 3179 802 3243 Intelligunt
840 3183 1019 3246 spectaculum
1022 3179 1240 3245 jucundissimum
1249 3176 1276 3226 in
1287 3189 1375 3226 mensa

266 3249 804 3310 alithiclurum,vetamentumecorioca·
841 3258 1082 3321 exhibeam—Nam,
1097 3257 1149 3319 isc]
1182 3255 1214 3304 Id
1232 3260 1282 3317 est,
1302 3254 1375 3303 nulla

267 3327 353 3390 pellae,
370 3325 470 3378 sactum
487 3330 567 3380 hastae
590 3332 732 3395 alligatum,
751 3346 802 3396 quo
841 3335 982 3397 Comoedia,
998 3335 1082 3384 nullus
1095 3335 1189 3383 Mimas
1201 3338 1275 3381 tauta
1286 3331 1375 3394 volup·

267 3402 344 3451 missa
365 3405 462 3454 retrahi
479 3413 590 3469 poterat
623 3408 678 3457 Alii
694 3416 803 3458 censent
842 3419 896 3463 tote
919 3413 1066 3477 quempiam
1083 3410 1221 3471 adiecerit,
1244 3422 1322 3472 quarn
1346 3413 1374 3456 tn

236 3510 238 3515 ,
268 3479 394 3540 capellam
412 3481 499 3530 vivam
518 3485 590 3546 scopi
609 3485 667 3534 loco
685 3486 804 3548 pontem,
841 3487 988 3549 Virronem,
1000 3487 1060 3536 dum
1072 3492 1101 3536 tu
1112 3486 1193 3535 esuris
1208 3491 1237 3533 et
1247 3483 1375 3546 ploras.-

267 3553 301 3603 ad
310 3569 386 3618 quam
394 3556 586 3621 jacularentur,
600 3568 630 3609 ut
640 3561 689 3610 hac
700 3562 803 3611 ratione
842 3565 945 3627 Mimos]
970 3565 1022 3616 Qui
1031 3564 1149 3627 gestibus
1157 3575 1242 3612 mores
1254 3558 1375 3623 iactaque

268 3647 376 3697 ascopo
387 3634 455 3684 illius
471 3638 580 3700 capellae
594 3639 707 3702 jaculari
720 3638 803 3689 disce-
841 3641 972 3691 bominum
983 3641 1109 3690 imitatur.
1125 3639 1202 3689 Iden.

269 3716 343 3758 rent:
364 3710 408 3759 sed
430 3713 529 3776 inepte.
562 3716 639 3778 Sunt,
652 3717 697 3780 qui
708 3732 754 3781 per
765 3733 804 3766 ra·
876 3721 924 3765 158
940 3715 1041 3778 Melior]
1073 3714 1375 3772 iucundior-‚staconen-

265 3787 353 3850 peiiorn
372 3789 520 3853 intelligant
538 3805 626 3841 mcum
643 3808 658 3840 e
675 3793 804 3843 cornubus
844 3793 970 3842 modarior
980 3792 1014 3841 ad
1023 3791 1189 3842 excitandum
1200 3787 1374 3837 risum-Plo·

270 3864 393 3925 caprinis,
410 3873 437 3915 et
455 3880 547 3915 revera
559 3867 593 3916 de
612 3868 693 3919 milite
710 3870 804 3917 misero
844 3872 925 3934 rante]
957 3870 1017 3919 Prae
1040 3868 1107 3918 fame
1129 3877 1157 3916 et
1180 3864 1274 3916 inedia.
1315 3862 1375 3912 ‘Ri-

267 3937 311 3994 bic
321 3953 466 3991 sermonem
479 3958 534 3992 esse
546 3951 656 4007 putent:
682 3945 735 3994 Alii
746 3960 806 3994 cen·
842 3944 942 3997 diculus
953 3959 1027 4008 mque
1039 3945 1122 3993 nullus
1132 3950 1182 4004 est,
1190 3955 1266 4005 quam
1272 3937 1374 4002 quando

268 4023 327 4065 aeut
349 4017 481 4080 Capellam
503 4020 631 4084 quendam
650 4020 730 4071 feisse
752 4022 805 4085 gla-
843 4020 942 4071 esurit?
977 4019 1235 4082 Plaut—Ergnirc]
1266 4014 1375 4080 Repetit

269 4090 396 4141 dictorem
424 4101 453 4143 et
470 4094 644 4158 joculatorem
668 4098 805 4160 optimum,
843 4098 912 4163 qrrud
934 4096 1010 4147 dixit.
1044 4097 1125 4149 Quasi
1145 4095 1232 4145 dicat:
1260 4095 1332 4157 Ergo
1353 4090 1374 4140 si

270 4168 315 4232 qui
323 4169 420 4219 tirones
431 4172 572 4222 exercebat
582 4180 610 4222 et
620 4188 636 4222 a
647 4188 697 4239 quo
707 4174 805 4224 tirones
842 4174 937 4238 nescis,
957 4189 1006 4238 ego
1013 4210 1017 4220 .
1024 4173 1072 4223 tihi
1079 4214 1084 4219 .
1092 4174 1177 4227 dicem
1188 4189 1194 4222 ι
1213 4170 1309 4222 Omnia
1322 4174 1373 4218 tam

264 4244 377 4308 jochim
386 4246 546 4312 didicerint,
563 4250 617 4315 qui,
637 4250 705 4315 quod
720 4251 805 4317 hirtus
842 4253 1063 4307 contumeliosam
1074 4269 1164 4325 mensa
1178 4253 1290 4304 diuitum
1298 4249 1374 4313 linai.
