3084 4934
260 385 327 454 588
713 371 938 453 axcunsus·

261 545 387 598 sociorum
399 545 504 611 quidem
514 560 551 597 ao
565 554 702 598 nautarum
719 564 795 600 aures
834 551 994 617 mulcerique
1004 558 1261 619 earumeantu,quos
1276 566 1365 618 grara-

261 641 323 676 cera
334 625 460 675 occlusit:
479 625 535 691 ipse
546 640 606 677 vero
617 641 646 676 se
654 626 688 676 ad
698 627 794 692 melum
835 635 875 679 tos
884 644 972 679 somno
980 630 1117 698 lacerent.’
1133 630 1200 680 Haec
1209 630 1277 682 Plin.
1287 626 1364 681 nit.

257 701 336 766 jussit
343 701 453 766 alligari.
832 704 901 754 tude
922 705 978 755 Cic.
997 704 1030 755 de
1045 703 1142 755 finibus
1160 707 1178 755 l.
1195 722 1221 755 v.
1236 722 1262 756 n.
1278 711 1320 756 49.
1336 714 1365 756 et

294 784 342 829 15⁰
358 777 555 844 Snubecuotas]
573 774 794 831 SirenasAcheloi
833 778 931 831 Athen.
942 795 962 831 r.
973 785 1014 831 12.
1036 781 1136 831 Fabula
1145 781 1265 832 Sirenum
1275 783 1365 847 volnp·

261 853 794 920 duriietCalliopesNymphaetrestilias,
833 857 998 907 tatescernis
1015 855 1152 920 fugiendus
1174 858 1298 920 ostendit,
1316 873 1365 909 nee

262 949 327 998 qrras
347 932 497 984 fabulantur
518 933 651 997 superiore
676 934 794 996 corporis
834 933 912 984 aliter
922 948 999 998 quam
1014 932 1075 997 fuga
1094 933 1256 1000 naufragium
1272 935 1366 987 evitari

262 1016 338 1073 parte
355 1010 480 1074 virginum
492 1009 599 1060 formam
614 1009 744 1074 habuisse,
755 1010 793 1058 in·
835 1009 932 1074 probat
952 1010 1054 1074 Ulyssis
1075 1012 1232 1075 exemplum.
1271 1011 1320 1062 His
1338 1013 1367 1062 S.

261 1085 389 1137 feriorein
405 1088 500 1150 piscem
516 1087 664 1138 desinentes
682 1102 712 1136 ac
722 1101 794 1136 mon·
836 1085 1009 1152 Hieronymus
1019 1089 1112 1149 utitur,
1131 1095 1161 1138 ut
1178 1086 1312 1138 vitandum
1328 1102 1366 1141 e·-

262 1169 375 1224 utrosas3
403 1169 519 1214 ceterum
544 1163 681 1214 dulcedine
702 1169 794 1212 cantus
832 1171 903 1215 serat
914 1173 1061 1228 suspectum
1073 1164 1280 1215 contubernium.
1300 1165 1367 1216 Por·

261 1236 351 1290 solitas
361 1240 465 1290 allicere
477 1246 650 1303 transeuntes,
661 1255 724 1305 quos
735 1255 794 1303 per·
834 1242 984 1309 remurinus
999 1240 1116 1290 homines
1127 1247 1217 1292 extare
1231 1241 1366 1306 utriusque

261 1314 363 1379 derent,
391 1322 436 1366 ant
462 1316 627 1366 devorarent.
684 1315 739 1364 Has
766 1317 794 1365 in
834 1316 998 1379 sexus‚lrand
1016 1316 1202 1367 dubitandum:
1220 1317 1367 1383 quodsum·

260 1400 373 1444 monstra
384 1394 484 1443 ruarina
494 1407 630 1444 conversas
640 1392 712 1443 canit
731 1392 796 1443 ovi·
834 1408 932 1443 moruus
950 1394 1091 1457 undositas
1108 1394 1233 1457 virorum,
1249 1395 1318 1460 qnod
1338 1401 1367 1445 et

263 1470 320 1521 dius
331 1472 399 1521 Met.
407 1470 504 1521 eliab.
515 1474 539 1520 9.
552 1470 661 1533 sepultae
672 1469 796 1519 dicuntur
836 1470 915 1521 evicit
927 1486 978 1521 non
996 1472 1107 1536 slmplex
1124 1471 1298 1535 experientia,
1316 1487 1367 1523 nee

259 1545 796 1611 adpromontoriensinunrquePaestauum
836 1546 903 1595 hand
915 1548 951 1596 ite
962 1548 1071 1612 pridem.
1099 1549 1246 1614 Dequibus
1257 1550 1367 1614 emplius

201 1617 205 1622 ’
260 1620 424 1684 ἱοῐιιιοπηίπς
440 1621 795 1685 undenomentribusparvir
834 1623 949 1674 dicemus
960 1625 993 1674 ad
1004 1625 1059 1675 Sat.
1071 1638 1131 1677 xrv.
1141 1629 1198 1677 28⁸.

261 1697 367 1761 insulis,
390 1714 449 1763 quae
470 1705 531 1749 sunt
549 1698 630 1748 veluti
647 1699 747 1761 scopuli
766 1700 794 1747 in
866 1701 968 1765 lteram
986 1702 1070 1766 urdo]
1108 1704 1173 1754 Tum
1192 1705 1226 1754 ad
1246 1705 1368 1755 Sirenum

261 1774 306 1824 illo
314 1775 386 1825 sinu:
405 1776 478 1826 Mela
488 1775 606 1825 Sirenum
619 1782 718 1839 petras,
730 1775 795 1825 Soli·
835 1777 978 1840 cantiones,
989 1784 1044 1828 tum
1055 1779 1089 1828 ad
1100 1780 1201 1845 Ulyssis
1215 1781 1280 1831 solvi
1291 1794 1320 1831 se
1326 1783 1369 1846 ju·

261 1852 794 1916 nusSirenurnsaxanuncnpat.Reautem
836 1852 921 1902 bentis
937 1853 1083 1918 imperinm.
1108 1855 1161 1905 Hic
1171 1855 1302 1906 enimvero
1313 1857 1369 1906 illa·

262 1945 326 1980 vera
336 1931 487 1981 meretrices
506 1929 588 1980 fuisse
600 1930 654 1980 illic
673 1928 795 1993 famosas,
835 1945 892 1979 rurn
902 1930 1078 1981 inritamentis
1087 1932 1210 1983 delinitus
1217 1933 1274 1997 jam
1285 1942 1314 1984 et
1325 1948 1368 1983 ca·

262 2011 320 2072 duae
331 2008 484 2073 navigantes
493 2007 626 2058 blanditiis
635 2008 796 2073 ‚pellexerint
836 2011 907 2071 ptus,
917 2007 996 2057 etium
1007 2009 1113 2059 nutibus
1124 2010 1234 2075 urgebat
1244 2010 1327 2062 socios
1338 2018 1369 2062 ut

260 2098 293 2149 ec
304 2086 467 2149 perdiderint
477 2087 543 2136 bene
560 2087 665 2150 multos,
676 2093 796 2147 ”munt
836 2082 869 2132 ad
885 2083 989 2134 Sirenas
1003 2084 1184 2148 diverterent3
1202 2092 1291 2144 verum
1307 2089 1368 2139 illos

262 2175 321 2210 cum
338 2161 457 2223 olintum
474 2158 538 2213 Coel.
550 2163 661 2227 Rhodig.
678 2176 737 2212 xrr.
753 2166 795 2214 ll.
836 2170 896 2210 ante
907 2169 1043 2213 monuerat
1053 2177 1123 2214 nese
1134 2172 1312 2215 suosvenntus
1323 2167 1369 2217 ob·

259 2237 267 2264 ‘
285 2238 344 2288 *Nec
365 2238 469 2289 Sirenes
488 2240 685 2302 impetraverint
706 2237 798 2301 tidem,
836 2246 982 2304 servarent,
998 2241 1082 2292 donec
1100 2241 1196 2292 intesta
1211 2242 1269 2295 loce
1280 2252 1372 2303 essent

261 2310 373 2364 affirmet
392 2314 455 2363 licet
470 2314 569 2375 Dinon,
586 2314 710 2364 Clitarclri
727 2315 795 2364 cele·
835 2317 1012 2379 praetervecti.

261 2389 330 2441 breti
353 2391 466 2442 auctoris
484 2398 569 2458 pater,
585 2391 611 2442 in
629 2391 706 2441 India
721 2402 792 2452 erse3

642 2562 993 2608 ........-'........—..

605 2722 1032 2810 EXCURSUS

686 2880 960 2936 mmmm

307 3023 376 3088 Ius
391 3023 541 3115 leguntur
552 3022 676 3092 Graeca
689 3027 725 3090 in
740 3027 771 3092 1.
785 3031 839 3095 70.
854 3030 908 3095 75.
928 3029 983 3096 76.
1003 3030 1057 3098 81.
1077 3029 1130 3097 82.
1175 3031 1216 3096 In
1229 3031 1370 3116 reliquis

262 3143 342 3190 vero
357 3124 532 3190 codicibus
546 3128 589 3191 eb
602 3127 746 3194 indoctis
756 3130 901 3196 librariis
920 3132 974 3197 vel
988 3152 1128 3216 prorsus
1140 3135 1269 3199 omissa
1281 3141 1370 3213 sunt,

262 3246 297 3290 v.
323 3246 354 3291 c.
379 3228 414 3292 in
428 3229 481 3295 25.
506 3229 561 3295 27.
585 3231 640 3296 45.
665 3232 717 3297 58.
739 3233 796 3298 61.
819 3235 874 3299 vel
897 3234 1077 3301 admodum
1099 3241 1265 3320 corrupta,
1288 3236 1371 3304 etin

262 3330 374 3397 multis
390 3320 523 3416 quoque
533 3352 600 3398 non
615 3333 748 3401 Graccis
761 3356 928 3420 expressa
938 3339 1051 3417 literis,
1063 3339 1122 3404 scd
1132 3338 1274 3404 Latinis.
1294 3337 1370 3404 Neo

263 3433 399 3498 mirum:
433 3432 545 3497 Graeca
570 3446 660 3509 curru
691 3458 752 3500 non
776 3436 932 3525 leguntur.
954 3440 1032 3518 ἤθους
1058 3445 1118 3529 γὰρ
1137 3440 1260 3527 γλυκέος
1284 3437 1371 3527 ἄνδρα
1443 3500 1445 3503 .

265 3531 382 3597 κίναιδον
394 3536 446 3600 10.
462 3536 515 3602 18.
531 3537 585 3602 23.
600 3537 654 3605 48.
668 3541 721 3606 50.
738 3543 793 3608 50.
814 3544 868 3609 57.
887 3545 940 3609 59.
964 3546 1018 3610 60.
1033 3545 1148 3611 6209.
1164 3546 1278 3611 71·74.
1293 3565 1370 3630 quae

263 3638 367 3702 verba
379 3639 478 3721 vulgo
492 3639 672 3705 referuntur
684 3643 728 3707 ad
742 3641 876 3708 blundus
890 3644 1032 3726 tabellas,
1042 3650 1075 3711 et
1087 3648 1137 3712 ita
1147 3649 1371 3732 explicentur:

265 3734 432 3802 Hominem
458 3738 538 3802 enim
568 3738 717 3807 citandum
747 3744 857 3809 blorrdi
881 3745 1039 3834 dulciaque
1065 3746 1171 3827 moris,
1199 3749 1274 3814 scil.
1302 3746 1370 3812 εἶναι

263 3837 371 3929 πρέπει,
386 3843 439 3905 vel
451 3841 561 3925 simpl.
574 3839 682 3929 πρέπει,
697 3865 770 3911 esse
785 3847 883 3912 decet
897 3869 925 3916 s.
941 3852 1107 3915 convenit.
1140 3848 1210 3913 Sed
1225 3851 1307 3915 dura
1321 3858 1373 3915 est

262 3942 338 4011 haee
351 3944 490 4029 ellipsis,
513 3951 545 4010 et
563 3950 659 4012 metri
672 3950 762 4032 leges
777 3958 935 4036 respuunt
958 3973 1078 4020 vocem
1100 3950 1242 4036 γλυκέοςι
1265 3973 1371 4037 neque

264 4046 364 4110 etium
378 4046 578 4129 intelligitur,
593 4068 653 4113 our
666 4050 767 4134 poe'ta
781 4053 855 4118 lnaec
869 4053 989 4121 Graece
1002 4056 1132 4119 dixerit.
1177 4054 1268 4119 Nem
1283 4054 1372 4139 qnod

263 4153 391 4232 putent,
406 4167 568 4212 summam
590 4149 744 4217 Virronis
767 4156 940 4221 mollitiem
961 4157 1111 4235 indicari,
1136 4177 1213 4221 cum
1229 4156 1371 4222 Graecus

264 4267 372 4315 sermo
393 4251 472 4335 plus
485 4252 659 4318 suavitatis
673 4255 974 4342 blerrditiemmque
986 4259 1118 4339 lrabeat,
1133 4264 1168 4324 et
1180 4258 1372 4326 effoemineti
