3084 4934
273 402 343 471 nse
532 377 534 379 ⁵
636 417 673 465 n.
696 413 801 469 sunu
822 414 1037 466 sovrnmns

321 567 567 650 Necsuspectn
578 563 640 631 tibi
653 563 721 629 sint
733 562 822 643 haec,
838 561 994 630 Corvino.
1016 561 1180 642 Catullus,

278 673 348 738 Pto
362 672 456 757 cujus
470 668 576 733 reditu
590 672 639 735 tot
650 688 741 753 pono
753 668 883 747 alteris,
897 686 1022 752 pervus

277 775 363 842 Tres
374 774 473 840 hebet
484 771 644 837 haeredes.
693 771 793 836 Libet
806 776 995 856 expectare,
1011 770 1086 854 quis
1100 786 1223 853 aegrem
1340 762 1389 832 06

278 878 325 944 Ei
335 876 543 943 claudentem
553 874 674 940 oculos
684 872 841 957 gallinam
855 873 1026 960 impendat
1039 873 1153 939 amico

277 981 365 1048 Tam
378 980 492 1046 sterili.
537 978 663 1044 Verum
676 975 752 1044 haec
766 977 871 1042 nimiu
885 982 937 1043 esi
949 978 1119 1063 impensas
1142 971 1298 1042 coturnix

279 1083 617 1169 Nullaunqnnmpm
627 1080 843 1171 putrecadet.
875 1081 1164 1147 Sentirecslorcm

278 1184 318 1251 si
332 1187 437 1270 coepit
447 1186 599 1270 locuples
613 1183 753 1264 Gadita,
763 1191 798 1250 et
811 1183 968 1264 Paccius,
984 1185 1070 1265 orbi,

279 1287 442 1372 Legitime
454 1288 534 1352 fixis
546 1288 685 1355 vestihrr
696 1293 769 1353 tota
785 1288 918 1353 tabellis
1319 1279 1389 1347 100

278 1449 345 1510 dent,
357 1448 382 1498 0
397 1447 513 1505 Gorsium
531 1448 641 1498 Catullus
659 1448 687 1498 oh
705 1450 773 1511 cnjus
789 1450 891 1500 reditum
901 1453 936 1499 tot
948 1463 1003 1498 oros
1019 1448 1146 1512 constituo,
1156 1447 1267 1512 pomnios
1282 1443 1388 1495 horodes

276 1519 356 1564 tensos
364 1512 443 1563 hehet.
466 1513 547 1561 Placet
558 1513 661 1576 opperiri
672 1515 778 1578 quisnam
785 1514 957 1579 prosumilinri
967 1515 1002 1565 sie
1011 1512 1154 1574 infructuoso
1162 1510 1388 1576 gmtnomtmnet

276 1576 427 1639 imbecillum,
436 1580 460 1626 et
471 1578 560 1628 lumino
568 1580 721 1629 claudentem.
753 1576 790 1632 At
799 1582 897 1643 promor
915 1585 953 1630 est
970 1580 1009 1629 sile
1024 1584 1126 1629 sumtus:
1142 1579 1207 1628 unito
1222 1576 1333 1626 coturnin
1343 1587 1389 1622 ns·

276 1658 347 1709 pnom
362 1642 504 1692 nudabitur
513 1658 556 1707 pro
564 1650 672 1707 porcine.
705 1643 735 1694 tn·
746 1646 944 1705 densescente,
956 1649 980 1696 et
991 1645 1092 1695 Porcios
1103 1643 1181 1693 orbati
1191 1642 1307 1706 hscipiust
1316 1640 1388 1689 ordo·

276 1718 328 1758 rem
337 1709 476 1775 persentire,
490 1722 557 1759 omne
574 1714 671 1773 xystum
685 1711 795 1775 appensis
809 1711 856 1762 site
875 1708 969 1762 toheiiis
987 1710 1105 1774 integitur
1110 1725 1120 1770 ,⁶
1136 1713 1219 1759 mont
1235 1704 1275 1772 qni
1288 1706 1390 1756 meconi

276 1916 317 1970 81.
341 1916 376 1969 Id
384 1919 462 1984 vulgo
473 1918 511 1969 ita
521 1918 744 1984 interpretantur:
756 1918 1034 1984 fennjnnusoperotur
1044 1919 1135 1983 sacris,
1143 1920 1169 1969 h.
1181 1932 1205 1968 e.
1218 1931 1274 1966 rem
1286 1927 1389 1967 sacrem

277 1982 352 2047 fucit,
363 1984 492 2049 veljsnus
509 1998 568 2033 mes
582 1989 695 2047 operatur
707 1983 787 2045 festu,
807 1985 926 2036 celebret
939 1984 1118 2047 festivitatem,
1135 1981 1261 2033 maurinis
1276 1978 1389 2044 loson,

277 2049 407 2099 matutino
415 2049 458 2099 die
470 2064 491 2099 s.
503 2055 631 2113 tempore.
648 2050 749 2100 Behrdt
759 2050 852 2101 vertit:
870 2052 909 2100 die
922 2050 1081 2111 Thiirefeiert
1091 2050 1162 2099 sehon
1172 2045 1304 2106 heifriiier
1314 2045 1390 2094 Lorn-

333 2115 417 2164 Licit.
451 2115 507 2179 Ego
517 2115 621 2164 malim:
633 2112 701 2174 sesto
709 2115 793 2179 jenua
809 2120 931 2180 operntm,
943 2129 1048 2180 operam
1066 2114 1122 2178 dat,
1138 2112 1241 2163 lucernis
1251 2109 1390 2172 mantissis,

297 2214 305 2230 .
315 2193 339 2229 e.
351 2181 420 2229 servi
428 2194 493 2230 occn
513 2181 551 2231 sti
563 2186 623 2229 ssnt
634 2181 660 2229 in
671 2180 785 2230 lucernis
796 2181 828 2229 sd
836 2181 945 2244 jsnnsm
955 2177 1151 2246 suspendendis,
1161 2184 1189 2228 et
1198 2176 1325 2226 matutino
1329 2174 1390 2239 jsm

277 2248 397 2307 temporo
408 2196 592 2295 senoniendis.
628 2247 731 2308 Opersri
745 2251 787 2294 est
805 2245 841 2293 id.
860 2245 903 2310 qd.
923 2260 1029 2309 operum
1040 2245 1114 2306 dare,
1124 2259 1150 2293 v.
1162 2258 1186 2294 c.
1196 2241 1285 2302 sacris,
1296 2239 1389 2301 tentis,

277 2301 362 2358 Musis
371 2316 425 2359 cet.
437 2325 462 2359 v.
474 2309 567 2373 Heyne
584 2307 618 2358 ad
632 2310 728 2360 Tibntt.
739 2324 771 2360 11.
784 2314 808 2359 1.
818 2314 861 2360 66.
873 2315 898 2372 i,
909 2314 950 2360 36.
963 2311 1035 2360 etad
1047 2310 1120 2373 Virg.
1131 2309 1183 2359 Ge.
1194 2321 1215 2357 1.
1227 2310 1284 2356 339.
1296 2304 1388 2355 Benti.

279 2377 308 2422 et
318 2373 379 2425 Jmi
388 2373 422 2421 sd
431 2374 524 2424 Horat.
537 2373 589 2422 Od.
600 2387 645 2424 ιιι.
658 2379 698 2424 14.
709 2379 734 2423 6.
765 2380 894 2438 operamur
905 2380 928 2425 1.
941 2380 969 2424 et
980 2380 1004 2426 8.
1015 2372 1089 2438 prob.
1106 2374 1221 2432 Pithone,
1237 2371 1281 2435 qui
1292 2369 1388 2429 vellem

279 2436 420 2501 adjecisset
429 2437 555 2488 rationem
564 2439 624 2488 eth.
634 2439 653 2487 Ι.
665 2439 830 2489 sententium.
847 2439 933 2489 Schoi.
943 2446 998 2490 vet.
1009 2438 1126 2503 exponit,
1135 2437 1289 2488 sacrificent.
1308 2433 1389 2500 Equi·

277 2500 338 2551 dem
349 2501 441 2555 ecdem
452 2518 529 2553 sensu
538 2504 656 2567 accipio:
672 2504 873 2567 metensem
887 2506 966 2569 (plur.
977 2520 1025 2568 pro
1036 2503 1114 2567 sing.)
1123 2503 1234 2564 homin,
1246 2502 1271 2551 h.
1282 2515 1306 2548 e.
1318 2497 1389 2551 festo
1416 2542 1418 2549 .

275 2566 325 2616 hoc
337 2566 441 2632 diejam
451 2583 527 2617 mane
538 2575 664 2632 parantur
678 2569 801 2620 lucernae.
835 2570 996 2619 Praestiterit
1015 2574 1102 2619 tsmen
1118 2568 1234 2632 operitnn
1245 2566 1271 2614 h.
1283 2578 1308 2614 e.
1321 2563 1389 2628 tegi·

277 2634 330 2693 tur,
338 2632 589 2747 vestiturffiennste
609 2633 641 2682 de
659 2634 1034 2698 copiniucernsrnm,ut1nox
1051 2649 1088 2682 vs.
1104 2637 1161 2685 100.
1193 2629 1315 2705 Legitimos
1323 2629 1390 2694 pixis

274 2696 377 2745 sentior
386 2701 438 2746 tots
488 2699 540 2746 citis
550 2698 672 2761 Pectines)
683 2698 752 2764 quod
763 2713 797 2747 ex
809 2698 938 2748 emendat.
951 2699 1022 2763 Lips.
1034 2699 1118 2748 Elect.
1131 2711 1151 2747 1.
1164 2701 1189 2747 3.
1200 2696 1297 2759 iegitur
1309 2708 1335 2742 ro
1346 2697 1388 2744 it).

274 2763 317 2810 ⁷7.
329 2763 370 2812 82.
380 2760 473 2824 prohh
485 2762 569 2822 Prot,
581 2764 691 2825 hichinc,
703 2764 802 2827 Grsng.
813 2770 842 2813 et
852 2762 1041 2813 &hored-93
1060 2765 1115 2812 Neo
1130 2761 1232 2812 emend.
1247 2757 1388 2810 Schrader.

276 2830 333 2874 sent
348 2830 456 2877 sn-es
472 2842 525 2876 nero
544 2832 586 2878 23.
618 2834 653 2878 cst
673 2843 725 2878 non
743 2835 820 2877 extet
836 2830 862 2877 in
875 2833 915 2878 10.
935 2831 1043 2878 tn-ce
1059 2829 1129 2876 corint
1147 2831 1189 2877 22.
1222 2826 1327 2875 dotorem
1345 2827 1388 2873 2².

274 2891 542 2942 coercuisse-nn
559 2893 663 2943 Gatlttto
674 2898 715 2943 17.
749 2893 999 2946 6001040400.
1027 2890 1388 2942 Pnnmsse.ss.es.ee.ht·

275 2950 364 3006 Pano
374 2960 416 3007 21.
450 2957 561 3008 Pontos
570 2961 612 3009 22.
646 2959 743 3009 Portos
762 2963 803 3011 ιτ.
835 2958 906 3008 otoo
922 2957 1194 3020 rc.-1oofroooss.
1227 2954 1387 3006 menone.

774 3069 887 3121 NOTAE

274 3168 317 3219 06.
343 3164 517 3217 ‘Accendere
546 3170 667 3219 lucernas
692 3167 812 3233 prohibe·
852 3164 899 3217 filii
908 3175 937 3218 et
946 3167 1074 3219 haeredes.

273 3254 340 3307 mus,
357 3244 478 3308 quoniam
495 3258 544 3294 nec
555 3245 652 3295 lumine
664 3243 711 3294 Dii
724 3251 812 3309 egent,
884 3248 917 3294 98
935 3244 1055 3308 Colorem]
1081 3242 1226 3297 Febriculae
1247 3246 1342 3293 ustum
1360 3240 1388 3292 ei

275 3324 306 3369 et
326 3334 360 3369 ne
382 3320 496 3370 homines
520 3322 624 3386 quidem
645 3322 812 3372 delectantur
852 3322 980 3372 ardorem.
1356 3352 1381 3375 .-

273 3390 403 3458 i'niigine.'
432 3395 546 3445 Tertull.
566 3395 709 3461 Apologet.
729 3397 810 3447 ‘Nec
883 3401 916 3448 99
933 3398 962 3448 Si
972 3398 1042 3463 coepit
1052 3397 1161 3462 locuples,
1171 3394 1224 3461 ipe]
1243 3395 1340 3447 Statim
1351 3400 1388 3446 st·

272 3468 387 3519 lucernis
395 3469 463 3520 diem
471 3470 650 3536 infringimus?
661 3473 728 3521 Vide
736 3474 811 3524 Pers.
851 3490 902 3541 que
913 3475 986 3525 dives
997 3475 1089 3541 aliquis
1107 3473 1186 3524 orbus
1199 3474 1292 3524 morbo
1304 3480 1388 3523 tente-

274 3540 332 3597 Sst.
345 3560 373 3596 r.
385 3562 422 3597 vs.
435 3552 492 3597 181.
851 3558 903 3614 tur,
919 3553 1040 3602 certatim
1053 3551 1167 3603 studium
1181 3554 1317 3601 ostentant
1327 3548 1388 3598 insi·

307 3626 339 3672 98
357 3624 410 3673 Nec
426 3628 533 3688 suspecta
554 3624 601 3674 tibi
621 3627 680 3687 sint,
695 3625 750 3690 isc]
768 3626 810 3676 Ne
850 3627 915 3678 diosi
925 3628 1105 3692 heredipetae,
1117 3635 1147 3677 ut
1156 3627 1271 3688 legatum
1281 3622 1388 3691 aliquod

274 3699 408 3763 suspicere
422 3701 480 3750 haec
499 3715 516 3749 a
531 3715 573 3749 me
588 3699 654 3766 tisri,
666 3708 696 3751 ut
712 3701 811 3751 Catulli
851 3717 884 3753 ex
896 3711 1052 3755 testamento
1061 3703 1255 3753 nanciscuntur.

175 3768 178 3777 ¹
273 3773 458 3826 hereditatem
480 3777 601 3827 ambiam.
634 3777 662 3827 Is
679 3778 748 3827 enim
767 3780 811 3828 ha·
886 3771 988 3842 Goiiito,
1002 3777 1113 3842 Porcius]
1131 3776 1268 3842 Opulenti,
1280 3774 1340 3824 filiis
1348 3789 1389 3825 cu·

276 3850 322 3901 bet
334 3851 438 3903 liberos.
852 3864 950 3908 rentes.
968 3857 1111 3921 Utriusque
1121 3853 1237 3904 meminit
1248 3852 1388 3902 Cornelios

307 3936 339 3982 9⁵
357 3932 429 3984 nitet
447 3935 583 3999 expectare]
608 3933 651 3984 An
678 3935 813 4000 quisquam
851 3936 974 3986 Tacitus:
1003 3935 1095 3985 Paccii
1124 3934 1228 3999 quidem
1255 3929 1388 3994 Africuni,

275 4008 353 4060 modo
370 4012 492 4074 gallinam
513 4013 606 4062 saltem
633 4006 812 4062 moribundam
852 4012 953 4063 Hister.
966 4026 1004 4062 ιν.
1030 4012 1135 4061 Gsiiitae
1154 4025 1216 4060 vero
1231 4006 1389 4072 Crispiiinae,

275 4100 324 4151 pro
335 4088 417 4138 arnico
436 4089 499 4140 velit
515 4088 671 4154 sacrificare,
692 4091 747 4140 sine
760 4090 813 4140 ulls
851 4097 881 4140 nt
899 4088 1010 4139 foeminae
1029 4074 1142 4152 pesinis
1161 4092 1189 4137 et
1209 4084 1324 4135 orbitate
1341 4097 1389 4148 pc·

276 4176 324 4228 spe
335 4165 410 4216 lucri.
850 4166 938 4229 tentis,
952 4165 960 4194 ‘
973 4180 1031 4230 quse
1041 4165 1115 4215 bonis
1123 4163 1250 4227 malisque
1262 4157 1388 4231 tempori-

307 4244 340 4291 st
358 4242 479 4292 Cotornin
489 4243 565 4307 nouo]
581 4244 624 4294 Ne
636 4244 694 4294 vilis
706 4234 810 4309 quidem
849 4242 980 4307 bnsjnxts
990 4243 1095 4305 valent,’
1107 4240 1192 4306 inquit
1203 4238 1303 4288 Hister.
1314 4234 1331 4287 h
1343 4250 1366 4287 ι.

275 4316 378 4368 triente
396 4318 557 4386 impenditur
574 4334 621 4386 pro
640 4334 673 4375 eo
692 4320 735 4371 cui
748 4326 810 4370 sunt
883 4320 931 4371 100
946 4313 1207 4386 &peromnem
1223 4313 1287 4365 Rite
1304 4318 1334 4365 et
1352 4308 1390 4364 αι’
