3084 4934
587 414 726 468 SA'HRA
749 416 833 467 vm.

159 563 375 634 'l'bermarum
387 565 522 644 calices,
539 565 764 650 inscriptaque
778 565 881 630 lintea
894 563 999 643 radit,

158 669 313 737 Matrinus
326 669 426 748 bello,
442 667 609 735 Armenios
626 668 799 754 Syriaeque
813 667 943 732 tuendis

157 770 336 850 Amnibus,
349 777 384 836 et
398 769 529 848 Rheno,
546 776 644 855 utqrm
659 768 759 835 Istro.
795 768 962 847 Praestare
976 766 1143 835 Neronem
1191 770 1257 838 170

155 958 275 1023 rssdppus
284 959 317 1006 od
326 972 355 1007 eo
364 934 509 1008 tberrsorsrrr
522 957 614 1021 passio,
624 960 649 1005 et
658 954 774 1016 inscripto
784 956 836 1005 selo
844 954 935 1018 pergit,
946 959 1016 1030 optas
1026 920 1119 1004 militie
1130 953 1261 1020 Armenia,

74 1048 79 1056 ·
155 1037 183 1072 oc
201 1023 382 1088 propugnandis
401 1019 643 1087 Syrioeflruniaiim,
663 1025 686 1069 et
707 1020 801 1084 Rheno,
822 1024 846 1069 et
868 1018 988 1070 Dosabro.
1031 1019 1151 1070 Neronem
1168 1035 1263 1072 serm

621 1151 680 1170 eeu
683 1149 800 1169 ΙΙΗΝΟῚ

156 1234 218 1285 nair
245 1237 428 1285 Bellis-180
452 1232 533 1297 ejecti
558 1246 574 1282 e
596 1235 637 1283 13.
679 1231 762 1280 bairaco
790 1245 837 1294 pro
864 1230 937 1280 linteo
958 1234 1082 1280 tor-17⁰
1108 1230 1173 1281 Post
1195 1232 1260 1284 Istro

156 1300 228 1349 nulla
243 1300 380 1350 distinctio
396 1299 525 1363 reperitur
543 1298 571 1347 in
586 1296 646 1347 edd.
664 1295 829 1361 quibusdam,
846 1296 925 1345 etism
943 1294 1057 1345 Hennin.
1075 1301 1103 1346 et
1120 1296 1261 1362 Biponc-

661 1434 767 1486 NOTAE

188 1538 239 1584 los
262 1534 415 1585 mmmmm
437 1535 536 1600 crium]
567 1532 637 1584 Loca
663 1532 690 1583 in
728 1538 903 1598 nuncupatur.
937 1532 995 1584 lllic
1006 1533 1153 1597 Euphrates
1169 1549 1200 1585 sc
1216 1533 1263 1585 'fl-

156 1610 252 1675 quibus
269 1611 353 1674 primo
374 1611 489 1674 sudatur,
508 1610 603 1662 deinde
622 1610 692 1660 lars·
729 1610 782 1674 gris
808 1610 962 1660 scaturiunt.
1006 1609 1138 1660 Clnudunt
1162 1618 1263 1664 montes

157 1693 208 1748 tur,
220 1695 283 1753 post
294 1690 408 1752 ungitur,
424 1689 534 1754 deniqne
551 1689 635 1754 epulis
654 1688 690 1737 in·
728 1687 838 1750 Taurus,
848 1687 985 1750 Niphates,
994 1689 1045 1735 irc.

156 1765 291 1829 dulgetur.
332 1767 376 1815 De
396 1766 584 1831 Thermopoliis
607 1764 691 1817 etde
761 1762 988 1827 &miscuis
1001 1762 1119 1827 mribus]
1144 1764 1264 1830 Propag-

156 1839 243 1890 calido
266 1847 331 1906 potu
353 1844 420 1907 apud
446 1844 575 1894 Romanos
595 1844 692 1893 usitato
729 1837 822 1888 nandis
842 1838 988 1903 regionibus
1010 1838 1124 1904 Imperio
1147 1841 1264 1892 Romano

157 1915 212 1966 dixi
221 1918 279 1970 Sat.
289 1919 462 1970 usdraus.
730 1912 867 1976 subjectis,
895 1914 978 1978 qualis
1000 1914 1082 1977 Syris,
1109 1914 1179 1964 Asire
1202 1929 1263 1980 pars
1321 1933 1324 1939 ·

191 1993 360 2058 stamnum]
387 1996 430 2046 De
445 1996 485 2046 bis
501 1997 557 2061 jam
575 1995 692 2045 Sanun.
729 1989 807 2039 valde
834 1989 929 2039 nobilis
951 1995 978 2039 et
999 1990 1181 2052 occidentalis,
1203 2006 1263 2054 quas

76 2078 79 2082 ⁴
157 2072 266 2120 ruti&
300 2070 333 2120 In
348 2071 447 2121 balneis
465 2077 517 2122 tres
535 2078 610 2121 erunt
628 2070 693 2135 regi·
730 2065 837 2132 Syriaco
852 2067 918 2116 mari
933 2066 1049 2129 alluitur,
1066 2067 1166 2130 rigetur
1180 2064 1264 2116 flumi-

156 2160 231 2195 ones.
265 2144 408 2196 Insnmma
424 2147 576 2210 sudabatur,
594 2162 639 2197 seu
659 2147 693 2197 ad
730 2143 806 2194 nibus
817 2143 958 2208 Euphrate,
966 2143 1078 2200 Oronte,
1088 2149 1116 2192 et
1125 2142 1192 2204 aliis;
1203 2143 1265 2192 Ter·

155 2220 245 2285 ignem
261 2236 309 2270 seu
325 2221 358 2271 sd
375 2222 470 2284 solem,
489 2229 600 2287 eratque
620 2223 694 2272 reiut
731 2220 869 2270 raSsncta
879 2217 1042 2282 intermedia,
1059 2219 1170 2284 AEgypto
1181 2217 1264 2270 ntiinis

154 2297 355 2362 hypocanrtunr.
387 2299 464 2348 Unde
478 2299 578 2349 Seneca
593 2298 694 2349 Sudoto·
731 2302 780 2347 est.
808 2295 1264 2361 Syriacoprlmumbeliononalind

156 2373 196 2422 rin
219 2381 298 2424 vocat
320 2375 530 2442 luemepist.
552 2380 594 2426 ⁵1.
616 2390 693 2441 quum
731 2374 853 2423 Romanis
864 2371 1062 2424 formidolosius.
1087 2374 1145 2424 Nec
1155 2388 1217 2423 sane
1228 2375 1266 2425 ri·

157 2450 226 2501 ride.
261 2452 376 2501 Primam
392 2454 463 2503 illam
482 2453 613 2518 regionem
628 2453 694 2503 anti-
730 2452 778 2514 ris,
789 2451 891 2517 opibus,
898 2451 976 2501 armis
986 2451 1123 2515 quicquum
1134 2450 1264 2514 copiosius

160 2528 203 2591 qui
225 2527 356 2578 vocabant
377 2531 542 2592 Laconicum,
571 2530 694 2597 eoquod
730 2528 813 2592 Syria.
847 2528 879 2578 ld
899 2535 987 2578 tamen
1010 2527 1083 2578 brevi
1103 2534 1132 2577 et
1150 2525 1266 2578 feliciter

158 2616 219 2653 uros
231 2605 288 2668 ejus
300 2607 368 2670 apud
382 2607 499 2657 Lacones
514 2605 638 2673 frequens
655 2623 693 2657 es·
731 2606 846 2657 confecit
862 2607 970 2658 Glabrio
988 2606 1092 2657 Consul.
1108 2606 1178 2656 lior.
1194 2619 1227 2655 11.
1238 2610 1263 2656 8.

157 2686 207 2730 set.
243 2681 276 2731 In
296 2681 381 2732 media
401 2684 506 2748 regione
526 2689 600 2733 erant
619 2699 693 2749 aquae
730 2682 901 2733 Proverbium
917 2690 959 2733 est
977 2683 1047 2746 opud
1066 2683 1180 2745 Suidnm,
1196 2682 1266 2748 Syrii

158 2756 267 2817 calidae3
283 2758 310 2808 in
321 2759 372 2809 ima
381 2758 496 2824 frigide,
505 2760 538 2809 ad
550 2760 694 2810 iurandum.
730 2766 812 2809 cosan
823 2760 955 2823 Pboeaices,
966 2760 999 2809 de
1009 2756 1154 2810 bominibus
1164 2774 1266 2825 semper

159 2830 230 2883 Hinc
240 2833 382 2885 discrimen
394 2836 465 2885 rides
477 2836 546 2886 iuter
563 2836 656 2886 balnea
666 2842 695 2886 et
730 2835 851 2898 inimicis,
862 2843 952 2886 mutuo
963 2834 1143 2898 fraudulentis,
1158 2850 1188 2885 ac
1200 2836 1265 2887 invi·

159 2908 284 2973 thermas,
300 2926 446 2978 quanquam
457 2928 534 2962 unum
550 2927 598 2976 pro
610 2914 694 2963 sitero
731 2928 788 2962 cern
799 2912 987 2963 insidiantibus.

159 2999 229 3049 srepe
241 2995 382 3051 usurpatur
395 2991 592 3056 metenymicris.
624 2991 695 3041 Nam
765 2989 996 3052 immemorum]
1013 2990 1064 3041 Qui
1076 2990 1207 3051 regionem
1219 2988 1265 3038 sii·

158 3062 243 3127 prima
255 3063 301 3114 illa
312 3065 384 3130 regio
393 3067 497 3132 proprie
510 3067 616 3118 tbermae
626 3075 695 3134 sunt,
731 3082 809 3133 qnam
831 3074 878 3119 ant
898 3080 1048 3130 oppugnare
1070 3066 1196 3128 nituntur,
1218 3070 1266 3115 aut

158 3136 252 3190 balneo
262 3147 368 3191 cetere.
731 3142 883 3207 defendere,
891 3143 978 3192 statim
989 3157 1076 3191 amnes
1087 3149 1226 3206 occupant,
1235 3148 1266 3194 ot

191 3216 448 3282 Inscriptoquqliaten]
464 3220 530 3269 Vela
540 3235 634 3286 nempe
646 3235 696 3273 scu
731 3222 856 3271 transitus
873 3221 1010 3284 aditusque
1025 3220 1067 3268 vel
1086 3219 1264 3285 prohibeatur,

158 3292 240 3356 picta,
251 3292 369 3343 tabernis
381 3310 496 3361 appensa
513 3311 571 3346 cnm
586 3297 695 3361 inscrip·
733 3299 884 3364 reipateat.
1130 3316 1133 3321 ⁴

161 3368 230 3419 tione
242 3384 328 3419 rerum
339 3372 486 3434 renalium3
503 3374 641 3424 ueletiam
659 3375 696 3423 lu·
766 3379 814 3425 170
832 3376 867 3424 Et
886 3375 977 3439 Riese,
994 3379 1063 3439 nique
1084 3374 1159 3440 istro]
1176 3376 1265 3428 Conti-

148 3445 311 3519 pqnaribus,
322 3447 447 3512 inscripto
458 3450 560 3499 nomine
577 3458 696 3515 prostan·
732 3451 825 3502 nendis
836 3453 863 3502 in
874 3450 958 3502 officio
970 3452 1081 3516 populis,
1098 3453 1143 3518 qui
1155 3460 1216 3504 sunt
1230 3454 1264 3505 ad

161 3520 226 3571 tium
242 3524 419 3587 meretricum,
436 3526 504 3577 sicut
523 3528 646 3578 annotavi
662 3528 696 3579 ad
733 3530 851 3578 Rhenum
867 3535 948 3594 atque
964 3528 1068 3589 istrum,
1088 3528 1180 3590 Gallis,
1200 3530 1266 3581 Ger·

160 3596 216 3648 Sat.
228 3612 267 3650 vr.
278 3614 317 3648 vs.
331 3605 388 3650 124.
733 3607 823 3656 manis.

193 3679 243 3726 loo
263 3678 377 3727 Maron
396 3678 463 3741 balio,
482 3680 614 3746 Armesioe]
636 3681 696 3731 Ido·
765 3682 860 3747 Meso]
884 3681 1052 3735 Hicfluitex
1070 3684 1179 3748 Alpibus
1190 3684 1268 3735 Rboe-

161 3753 443 3805 nemadmilitandum
451 3756 478 3805 in
487 3757 696 3821 expeditionibus
733 3758 792 3808 licis
811 3773 860 3823 per
875 3759 1048 3809 Germaniam.
1081 3760 1134 3809 Ubi
1151 3761 1266 3811 Batavos

162 3828 287 3880 adversus
304 3829 432 3882 Armenos
451 3833 563 3883 Neronis
580 3843 697 3899 tempore
733 3836 833 3899 attigit,
855 3836 975 3886 Vebnlim
996 3836 1092 3887 format
1114 3843 1142 3885 et
1163 3837 1266 3899 Licnm,

161 3907 302 3972 susceptis,
314 3907 380 3957 duce
392 3909 549 3973 Corbulone,
560 3910 593 3961 de
604 3913 696 3978 quibus
734 3929 781 3977 per
797 3928 860 3979 quos
878 3914 910 3963 ad
930 3915 1013 3964 Mosae
1030 3915 1123 3964 ostium
1140 3913 1266 3963 illabitur.

161 3981 246 4034 Tacit.
260 3984 354 4035 Annal.
367 3990 407 4034 13.
419 3995 447 4037 et
459 4003 514 4052 seq.
733 3990 819 4054 Prope
835 3992 991 4052 brenacum,
1009 4007 1056 4056 per
1072 3991 1154 4040 Drusi
1169 3990 1268 4040 fossam

194 4059 330 4123 Armenio]
348 4061 495 4112 HaeeAsiae
507 4065 577 4128 regio
588 4066 697 4115 celebris
733 4084 793 4118 curn
810 4068 879 4118 isola
895 4070 1052 4129 commissus,
1072 4069 1177 4118 tertium
1198 4068 1266 4119 bunc

161 4135 293 4201 quondam
314 4143 342 4186 et
361 4134 491 4202 frequens,
511 4149 538 4192 at
559 4157 626 4193 nunc
646 4159 697 4193 non
734 4146 924 4196 etiamexitnm
935 4153 1076 4207 mutuatur,
1095 4143 1183 4207 quoin
1200 4143 1269 4193 Oce-

164 4210 216 4262 itn:
237 4213 338 4277 duplex
354 4222 404 4278 cst,
422 4216 505 4281 major
522 4234 578 4283 qua
598 4220 697 4270 Turco·
734 4222 925 4271 snumevndat.
959 4223 1086 4272 erartnm
1100 4220 1160 4268 olim
1176 4221 1268 4272 babuit
1338 4238 1340 4241 ’

165 4289 259 4354 meniu,
275 4296 304 4340 et
314 4292 398 4342 minor
408 4308 466 4358 quse
485 4294 607 4348 Aladnlis
620 4299 697 4349 modo
733 4297 783 4349 sibi
805 4299 940 4364 proprium
961 4296 1087 4363 Lugdnno
1109 4299 1267 4348 Batavorum

167 4427 181 4438 „
228 4369 497 4436 poposcissem.
688 4379 749 4430 dau.
1161 4380 1202 4430 ²1
