3084 4934
626 416 866 467 mmmm
1217 406 1284 473 Μ)

178 565 234 643 sit,
251 584 292 631 eo
316 566 377 645 uti,
403 564 439 630 id
454 564 589 651 quidem
611 582 729 650 parum
752 564 927 650 probabile
949 564 1283 656 ridetur-ilrva

178 666 292 752 γλύκια
317 665 404 757 ἄνδρα
433 666 550 733 κίναιδον
569 671 624 736 47.
648 668 724 747 ἤθους
749 670 860 756 γλυκὺς
886 667 974 760 ἄνδρα
997 668 1115 734 κίναιδον
1127 673 1185 737 46.
1207 671 1284 750 abac

178 783 299 857 γλυκως
311 796 366 854 μην
379 773 466 857 eulpa
481 773 598 836 κιναιδον
610 774 665 839 Ἄ).
677 771 754 849 ηθους
765 797 866 859 καιτερ
877 785 988 858 γλυκυν
1000 775 1085 860 eripe
1096 777 1214 839 κιναιδον
1227 777 1283 843 49.

179 874 232 940 54.
254 876 310 941 55.
326 875 400 950 αιθος
421 889 526 962 γλικου
549 877 635 963 eulpa
657 878 774 949 sirarios
799 877 853 941 14.
878 878 930 944 17.
957 876 1030 951 arios
1050 891 1147 964 γλυκυ
1167 880 1284 943 retardor

178 979 274 1067 ανδςος
300 979 352 1044 19.
379 1004 437 1055 eret
459 992 556 1065 γλυκυ
578 1006 626 1042 και
649 1006 734 1067 erepet
755 980 873 1054 κιναιδος
888 981 943 1046 24.
966 982 1063 1058 aloem
1082 994 1179 1066 γλυκυ
1197 983 1284 1071 ardea

177 1083 304 1145 κνναιδου
318 1084 371 1147 ll.
415 1083 513 1150 Alias
527 1084 666 1150 aliorum
679 1101 784 1167 nugas
805 1083 1285 1167 praetermittimus-Selium·

176 1185 318 1252 ileisclrii
331 1194 411 1254 nota
425 1193 476 1253 est
488 1189 583 1254 haee:
607 1186 702 1268 ‘Qui
715 1206 760 1253 ex
775 1186 925 1252 Homero
935 1207 1004 1252 rem
1013 1192 1175 1271 repetunt,
1186 1195 1285 1255 acute

176 1288 200 1352 ii
215 1282 368 1372 quidem,
378 1289 436 1354 sed
451 1289 625 1355 «luvenalis
637 1309 704 1355 non
717 1289 781 1354 fuit
798 1293 928 1367 acutus,
942 1289 1000 1374 qui
1016 1295 1083 1354 tam
1098 1291 1285 1376 simplicem

175 1410 310 1456 sensnm
325 1391 456 1459 Graecis
471 1393 582 1458 verbis
596 1393 725 1460 dixerit.
768 1391 852 1457 Vox
871 1392 957 1478 ἄνδρα
979 1393 1015 1457 in
1035 1391 1154 1458 eodice
1170 1397 1284 1459 roseo

172 1492 305 1558 literam
331 1494 514 1560 secundam
538 1501 662 1580 puncto
699 1495 911 1560 subnotatam
941 1496 1050 1560 habet.
1107 1494 1148 1561 Id
1175 1501 1281 1573 notat,

173 1595 305 1661 literam
319 1596 515 1681 ejiciendam
528 1615 615 1661 esse.
653 1594 746 1675 Quid
757 1595 789 1662 si
802 1615 864 1661 nos
878 1602 1041 1681 punctum
1054 1596 1136 1663 illud
1150 1597 1284 1664 unicum

175 1698 457 1782 elegantissimam
471 1688 591 1765 docem
605 1700 813 1786 scripturam,
840 1706 873 1765 et
889 1705 1057 1779 monstret,
1072 1701 1107 1764 in
1119 1699 1285 1766 «iuvenale

176 1800 418 1867 emendandum
431 1821 524 1868 esse:
548 1802 630 1866 αὐτὸν
644 1804 704 1889 γὰρ
720 1799 872 1879 telamon
884 1803 980 1888 ἄστρα
995 1799 1125 1880 alsede,
1139 1802 1194 1867 vel
1207 1823 1286 1888 pro·

175 1904 256 1989 pius
270 1905 313 1971 ad
327 1912 472 1972 veterem
486 1908 697 1993 scripturam,
719 1908 836 1971 αΰτόνδ
853 1903 928 1970 lanu
952 1907 1063 1993 γλυκὺν
1084 1908 1181 1995 ἄστρα
1195 1906 1285 1974 airm-

96 2020 100 2035 ’
177 2008 232 2074 θον.
262 2007 330 2074 Sed
345 2011 438 2094 prior
447 2011 557 2089 lectio,
572 2030 649 2075 eum
663 2011 805 2096 parodia
818 2012 862 2076 sit
875 2011 1034 2096 pressior,
1049 2011 1148 2095 plane
1161 2011 1283 2095 plaeet,

176 2116 209 2176 et
227 2111 400 2196 'spondere
421 2114 540 2192 ausim,
562 2113 612 2177 ita
631 2112 830 2179 Iuvenalem
860 2099 1049 2197 scripsisse,
1074 2119 1112 2177 ut
1140 2112 1285 2178 Naerolo

176 2214 391 2297 persuadeat,
414 2215 580 2281 fortunam
602 2217 637 2280 in
658 2217 811 2300 turpibus
832 2216 932 2281 etiam
948 2216 1046 2281 rebus
1062 2215 1206 2298 agenesi
1227 2213 1286 2280 de·

177 2315 333 2399 pendere,
356 2326 390 2382 et
412 2317 512 2383 simul
533 2316 620 2382 idem
645 2317 812 2383 credentes
838 2316 1010 2382 Romanos
1032 2316 1189 2383 derideat.
1243 2316 1287 2382 In

177 2414 292 2484 Sobel.
308 2439 370 2503 pro
384 2419 449 2503 ipse
463 2417 507 2482 ud
518 2440 549 2483 se
562 2417 662 2482 trudit
678 2419 793 2505 possis
815 2420 922 2502 legere
938 2418 1037 2505 ipsum
1052 2429 1170 2483 astrum
1185 2417 1286 2484 trabit
1409 2505 1411 2510 .

177 2522 232 2587 vel
247 2531 278 2585 le
292 2520 404 2602 trahit,
418 2529 457 2588 ut
468 2523 596 2606 legerit,
621 2521 655 2584 ri
670 2522 826 2609 γὰραῦτόν
849 2519 1001 2599 ieiunus
1021 2522 1120 2608 ἄστρα
1144 2519 1283 2585 κίναιδον]

179 2623 268 2689 Mihi
297 2628 406 2710 aptior
432 2625 635 2708 facetiorque
660 2622 788 2691 vidctm
809 2632 922 2691 nostra
947 2625 1058 2704 lectio,
1086 2645 1148 2691 nec
1176 2625 1284 2708 magis

179 2746 351 2811 assequor,
366 2748 425 2797 cur
437 2727 612 2793 luvenalis
627 2728 686 2794 illa
698 2729 832 2795 Graecis
856 2729 1059 2813 expresserit
1071 2729 1194 2805 verbis,
1216 2727 1292 2805 vel,

179 2830 208 2894 si
223 2829 409 2895 Homerica
421 2831 455 2893 in
468 2849 537 2897 rem
551 2848 648 2894 suam
667 2836 855 2897 convertere
869 2832 987 2909 voluit,
1001 2830 1043 2895 de
1053 2850 1121 2915 quo
1141 2832 1203 2897 vix
1224 2829 1286 2895 du·

178 2932 284 2998 bitere
313 2933 438 3016 possis,
464 2939 534 2997 tam
555 2931 660 2996 multa
680 2932 914 3011 immutaverit,
938 2951 1040 3016 quam
1065 2952 1125 2997 eur
1149 2939 1285 2998 acutam

179 3033 321 3100 Homeri
335 3036 528 3101 sententiam
541 3033 727 3099 variatione
749 3037 849 3100 unius
862 3037 959 3101 vocis
972 3055 1040 3100 uon
1053 3034 1165 3118 lepide
1178 3042 1284 3100 trans·

179 3136 294 3203 tulisse
309 3138 490 3204 censendus
501 3138 561 3204 sit.

517 3547 946 3627 EXCURSUS

599 3770 651 3822 An
667 3770 742 3822 ΒΑΤ.
759 3771 810 3821 lx.
825 3775 866 3821 40.

223 3936 445 4004 Sns'reurrs
467 3935 569 4021 hujus
588 3936 656 4003 loci
682 3942 752 4001 est:
789 3933 957 4020 Computa!
980 3936 1131 4002 einaedus
1153 3956 1284 4015 avarus,

181 4059 255 4123 quae
270 4039 364 4105 dedit
386 4040 468 4105 milri
486 4040 586 4118 dono,
610 4061 648 4103 nc
672 4049 765 4117 cavet,
785 4045 820 4105 et
840 4045 951 4104 tamen
969 4038 1099 4106 libidini
1126 4038 1285 4121 indulget,
1319 4094 1321 4097 ,

182 4143 235 4206 cui
264 4141 426 4227 imperare
448 4162 513 4207 non
543 4147 668 4227 potera
702 4142 767 4220 vel,
797 4141 962 4206 calculum
983 4146 1018 4206 et
1044 4139 1189 4204 rationes
1216 4159 1286 4205 me·

181 4261 253 4309 cum
298 4243 464 4322 subducit,
497 4243 576 4308 dum
613 4243 727 4327 explet
768 4241 950 4307 libidinem.
1011 4237 1124 4306 Cevcre
1153 4242 1286 4328 proprie
