3084 4934
650 380 706 437 tn
725 380 808 431 sur.
830 380 899 430 vn.
923 451 928 464 ι
1245 370 1312 443 467

203 532 340 597 uucmre
362 527 489 599 renio:
519 548 597 614 erga
618 530 654 597 l.
677 530 701 599 l.
717 528 915 601 declamatio
945 527 989 597 de
1017 533 1165 615 tyramis
1194 537 1308 621 ejectis

203 629 367 701 tenure
408 632 549 718 Sauppe
573 640 733 719 provocat
757 633 801 697 ad
823 636 1053 705 securitatem
1073 637 1178 702 libelli
1202 638 1307 709 Miru-

201 735 322 802 billum
341 735 569 814 Puteolorum,
591 738 624 801 in
656 756 724 820 quo
752 738 827 825 baec
856 739 1022 819 leguntur:
1053 739 1309 825 ‘Adyredicern
1381 782 1383 787 .

195 841 326 907 montis
355 839 473 918 Gauri,
501 841 544 911 ub
581 840 752 909 scatente
776 840 821 905 ad
847 843 1002 909 orientem
1031 863 1199 924 accessus,
1229 848 1309 913 olim

201 944 300 1011 uirus
322 942 397 1021 luit,
415 942 549 1011 Uentre
564 944 869 1022 diurnameriulem
889 947 1086 1031 respiciens,
1100 967 1188 1017 nunu
1199 956 1309 1019 vetas·

202 1050 271 1110 tate
287 1052 500 1128 transmitit
522 1047 556 1117 is
567 1036 661 1113 lenus
676 1047 786 1115 dinus
800 1045 934 1111 Camere
948 1052 1045 1134 quasi
1057 1049 1195 1117 (femere
1206 1080 1218 1126 r
1231 1073 1309 1121 num

200 1149 297 1217 brus
311 1155 392 1227 erut,
407 1150 464 1217 ubi
482 1147 619 1217 Currere
633 1154 666 1214 et
676 1146 863 1232 Apothecae
877 1151 991 1217 multae
1006 1159 1110 1233 arant,
1125 1154 1161 1221 in
1181 1155 1306 1241 quinus

199 1252 342 1321 mrim
364 1252 632 1331 Puteolanorum,
655 1257 688 1321 et
715 1250 838 1322 Miseni
863 1253 1132 1340 Bsiunnrumqus
1155 1262 1309 1342 paurum

161 1416 164 1419 ,
202 1374 289 1423 enus
303 1374 401 1425 mum
425 1357 670 1442 depnrnndum
685 1377 745 1445 per
759 1358 846 1425 alias
860 1357 1011 1439 regiones
1034 1355 1144 1427 Italiae
1165 1359 1309 1444 depone·

203 1459 310 1527 naun.
355 1459 425 1527 Hie
438 1463 534 1531 ricus
558 1479 647 1529 nune
671 1466 868 1548 corruptus
893 1460 1141 1543 cucumpnsitae
1164 1464 1308 1547 regionis

202 1560 405 1640 minibus,
427 1563 570 1631 eenriffis
593 1563 715 1631 setrssti
739 1563 877 1646 ignaris,
904 1559 1067 1647 Campana
1095 1570 1245 1647 νοοαῐιιῐ,
1267 1585 1309 1637 ee

198 1664 296 1746 qnod
309 1662 482 1748 Campani,
503 1666 526 1731 i.
552 1687 583 1731 e.
604 1663 769 1748 capuani,
784 1684 806 1729 a
829 1663 989 1733 Cumanis
1014 1665 1137 1733 ibidem
1156 1666 1309 1738 dicuntur

204 1774 278 1832 esse
302 1768 457 1835 reuicta
479 1769 642 1851 superans
664 1768 708 1833 eb
731 1769 826 1853 cnjus
849 1767 1025 1835 conflictus
1044 1770 1237 1841 memoriam
1258 1777 1311 1835 ert

202 1867 345 1933 historia
360 1869 549 1953 composite
566 1867 699 1932 Cambre
713 1869 815 1946 dicta,
831 1888 906 1950 quae
922 1888 944 1932 a
958 1871 1122 1951 magistris
1136 1873 1171 1935 in
1184 1873 1310 1937 scholis

202 1966 468 2055 frequentissime
482 1971 662 2037 dicebatur.
708 1969 808 2034 Unde
831 1970 1024 2035 iuvenalis:
1043 1967 1165 2036 Occidit
1187 1972 1310 2036 miseros

207 2067 342 2137 camare
357 2096 383 2138 r.
394 2073 446 2136 nr?
461 2074 551 2138 Haec
564 2073 662 2137 nimis
670 2072 767 2154 longe
782 2072 885 2154 petita
898 2071 999 2134 etiam
1015 2070 1148 2136 Pithoeo
1159 2072 1309 2137 arrisisse

202 2175 343 2241 mireris
387 2176 546 2260 Exegitat
560 2196 601 2241 ea
615 2175 771 2240 Politian.
789 2171 934 2238 Miscell.
949 2192 979 2237 c.
996 2173 1050 2238 33.

627 2496 879 2510 -a-—1--2

568 2711 948 2790 EXCURSUS

610 2954 661 3004 An
678 2954 751 3005 SAT.
769 2954 834 3004 vn.
851 2957 908 3003 218.

244 3144 466 3208 Acoenono'e'tus
480 3141 956 3226 nomenficticiumpaedagegi,
972 3139 1061 3223 qued
1076 3140 1200 3204 restitui
1215 3145 1306 3203 evet.

207 3245 322 3310 Sehel.
347 3245 404 3330 qui
426 3246 582 3329 exponit:
606 3243 807 3308 ‘Eunuchus
830 3241 1047 3326 paedagogus,
1065 3246 1126 3306 aut
1145 3243 1308 3305 communi

203 3366 323 3412 carens
338 3345 667 3426 sensatixesoso'arur)
680 3347 849 3431 proprium
862 3342 1018 3429 papatis?
1061 3343 1114 3409 Cf.
1130 3343 1217 3408 Gell.
1234 3358 1307 3407 xli.

206 3448 262 3514 12.
278 3449 366 3513 etde
385 3458 522 3534 pappele
537 3469 611 3532 sup.
625 3447 668 3512 ad
690 3448 834 3513 v1.633.
879 3446 1092 3509 Aroerrunaetrrr
1109 3447 1166 3512 70.
1184 3446 1239 3513 75.
1255 3447 1310 3511 76.

204 3549 260 3614 81.
276 3549 331 3614 82.
355 3550 446 3633 quod
467 3555 583 3633 putent
596 3569 671 3613 esse
692 3549 805 3615 Graec.
825 3546 1017 3626 ἀκοινώνητος,
1041 3550 1166 3627 alienus
1180 3568 1199 3613 e
1212 3546 1309 3612 fami·

205 3653 283 3717 liari
306 3654 555 3732 consuetudine,
576 3652 629 3740 (nt
644 3673 699 3738 ap.
715 3652 787 3718 Cic.
805 3653 848 3717 ad
871 3651 941 3717 Att.
957 3669 1007 3716 vl.
1023 3653 1056 3718 1.
1072 3657 1105 3716 et
1118 3647 1169 3735 3.)
1177 3656 1211 3714 et
1232 3648 1308 3713 hine

206 3774 375 3839 arrogans,
401 3756 456 3820 vel
482 3756 619 3838 rigidus,
648 3774 792 3820 severus
852 3754 1009 3836 Grangaei
1030 3760 1110 3817 nota
1132 3758 1183 3818 est
1211 3752 1308 3817 haec:

207 3856 426 3934 ’Ἃκοινῶνητος
451 3857 583 3924 Graecis
612 3861 664 3920 est
692 3861 808 3920 exacte
836 3876 951 3919 uerum
975 3860 1166 3938 rectumque
1198 3872 1309 3938 perse·

207 3980 336 4044 quens3
359 3961 414 4025 vel
433 3963 490 4044 qni
512 3961 594 4024 nihil
617 3959 716 4023 habet
734 3979 811 4022 cum
830 3959 899 4023 alie
917 3976 1111 4035 commune3
1136 3961 1193 4022 aut
1214 3955 1309 4039 cujus

208 4063 289 4126 alter
302 4064 472 4146 particeps
485 4082 549 4126 nen
564 4067 632 4125 est:
654 4061 708 4124 hic
728 4061 817 4125 enim
839 4059 1041 4145 paedagogus
1066 4056 1204 4141 partitur
1227 4055 1309 4120 ulte·

208 4163 277 4226 rius
293 4163 490 4241 mercedem,
507 4170 542 4227 et
554 4172 651 4226 nemo
666 4181 742 4225 cum
757 4161 839 4227 illo?
882 4162 950 4227 Sed
967 4159 1126 4224 Schurzfl.
1134 4158 1207 4242 jam
1220 4164 1308 4224 recte

208 4265 348 4344 monuit,
363 4265 413 4330 ite
433 4263 638 4328 Aeoerrunetur
655 4264 867 4331 mutiendum
887 4283 973 4342 esse,
991 4261 1080 4346 qued
1102 4265 1213 4325 tamen
1235 4261 1268 4326 h.
1285 4262 1308 4326 l.
