3084 4934
521 402 711 454 sucurre.
734 402 818 453 sur.
842 403 898 452 ιιι.
1193 378 1259 459 817

154 546 326 618 Praertarttirs]
352 549 689 616 GraugaensiepitPreeee·
726 563 793 612 cras,
809 552 840 600 ut
857 550 934 614 pauiu
949 558 1013 618 post
1028 550 1174 603 nihilsint:
1199 548 1268 620 qnia'
1331 604 1335 613 ,

153 627 205 681 tiara
223 643 270 692 pro
288 627 424 692 propitius.
475 627 544 679 Nem
563 641 623 677 carn
640 625 688 677 Dii
726 641 784 691 quae
794 626 957 692 deteruntur,
967 630 1090 694 paulatim
1102 630 1271 686 minuuntur(

154 702 378 768 edauutdavent.
726 703 768 752 Sic
793 703 926 766 Horatius,
951 705 1105 755 ‘Damnosa
1127 707 1190 772 quid
1207 720 1258 760 non

190 786 223 833 19
239 783 334 833 Numen
350 782 429 847 σφω]
462 783 561 833 Fontis.
593 780 689 832 Nullus
726 779 856 830 imminuit
874 781 1098 848 diest—Deteret]
1112 783 1259 836 Translatin

155 861 226 911 enim
237 859 294 910 fona
305 861 436 926 perennis,
444 860 500 910 aine
511 859 624 912 Numine
634 874 690 909 cre·
727 855 809 906 ductu
818 864 859 908 ert
870 875 884 907 a
896 858 976 922 ferro,
987 859 1056 924 qrrod
1066 859 1178 911 limando
1188 861 1261 914 dete·

155 937 270 988 debatur
287 938 420 989 Ethuicis:
446 937 472 987 id
491 944 541 1001 eat,
559 936 690 987 Sanctitas
727 932 794 983 ritnr
821 942 899 1000 atque
926 943 1092 986 extenuatur.
1134 936 1263 1002 Graue-

155 1030 232 1080 aquae
253 1022 362 1079 propter
384 1015 548 1080 presentiam
570 1013 690 1065 Numinis
729 1011 845 1078 litscire]
868 1014 1084 1067 Cumassciiicet.
1108 1015 1195 1068 Lutto.

155 1091 234 1155 longe
261 1100 330 1141 esset
354 1090 646 1156 praestantiae—Viri&
668 1089 691 1138 si
761 1093 792 1139 2⁵
806 1089 943 1153 Fctigutcs]
961 1092 1050 1156 Longo
1060 1092 1159 1157 volatu,
1168 1098 1272 1159 utpote·

155 1167 267 1231 margine
275 1169 394 1219 clauderet
403 1172 479 1219 muas
488 1167 581 1231 uersa]
598 1168 631 1217 ld
642 1173 691 1231 est,
729 1182 744 1217 e
756 1168 837 1218 Creta
848 1167 874 1217 in
884 1168 997 1232 Itaiiam,
1006 1170 1046 1219 rei
1058 1170 1184 1234 ntaiii,1n
1195 1171 1261 1222 Sici·

154 1245 182 1295 Si
194 1243 309 1296 artificio
319 1245 446 1296 usturam
456 1244 514 1295 fons
529 1253 558 1295 et
567 1245 692 1309 spetunca
729 1244 805 1293 iiam:
828 1244 872 1293 aiii
882 1245 992 1309 punam
1002 1244 1157 1309 Sardiniam,
1167 1246 1263 1299 deinde

155 1323 259 1387 poiiuts
277 1329 305 1372 et
322 1319 458 1386 profanata
468 1336 519 1372 uon
530 1328 609 1384 esset,
625 1326 652 1370 ct
669 1321 691 1370 si
730 1320 831 1370 Cumas.
855 1319 970 1383 Fatigati
978 1327 1065 1371 autem
1073 1334 1192 1386 corpore,
1200 1320 1263 1374 feast

155 1397 241 1448 herba
252 1396 310 1448 istic
319 1413 430 1449 nascens
442 1397 657 1460 circumdaretur,
664 1401 693 1446 et
729 1397 814 1446 animo
824 1395 942 1448 dicimur.
973 1397 1078 1448 Servius
1087 1397 1188 1449 AEueid.
1200 1412 1263 1452 rur.

156 1475 445 1541 dmunrmpiretaqaas
456 1474 579 1536 fontum,
596 1472 692 1523 rireati
729 1475 878 1525 -Dcriulus
888 1475 956 1539 epistt
966 1475 1029 1539 atas]
1058 1476 1155 1526 Fabula
1165 1484 1206 1527 est
1218 1492 1262 1528 no·

156 1559 186 1602 et
202 1548 314 1602 herbosa
330 1551 507 1602 extremitate.
541 1549 616 1598 Idem.
655 1548 693 1598 Ut
732 1551 830 1601 tissima
840 1551 882 1600 rei
899 1565 933 1599 ex
947 1551 998 1600 iilis
1009 1551 1112 1616 Virgilii
1126 1551 1213 1602 verbis
1224 1560 1265 1604 vt.

128 1636 134 1649 ·
155 1628 311 1695 antiquitus,
321 1643 372 1678 non
390 1633 477 1678 autern
494 1642 567 1678 muro
586 1640 694 1676 marmo-
731 1620 861 1680 AEneidos.
872 1628 880 1656 ‘
891 1629 1016 1679 Daedalus
1024 1635 1055 1678 ut
1065 1627 1134 1678 ferna
1145 1628 1203 1691 est,'
1215 1632 1265 1681 &c

151 1720 216 1768 reo,
228 1711 258 1755 ut
269 1711 332 1756 tum.
730 1706 871 1771 Empirasin
887 1712 915 1756 et
933 1707 1035 1770 pondus
1045 1706 1125 1757 trahet
1144 1708 1200 1757 iuec
1217 1707 1267 1757 cir·

190 1787 225 1833 2⁰
243 1782 445 1847 ricemerem]
476 1780 509 1831 Iri
519 1787 570 1844 eat,
589 1780 616 1830 Si
628 1794 694 1829 mar·
731 1784 907 1843 conlocuti03
924 1782 1092 1849 quetidieatr
1110 1785 1131 1833 si
1140 1785 1266 1835 Daedalus

157 1874 234 1911 mora
256 1866 313 1909 erte
331 1856 368 1910 ibi
386 1864 545 1922 constructa,
564 1866 592 1908 et
612 1857 694 1922 poiita
731 1862 831 1923 volans,
847 1866 875 1910 et
894 1875 927 1909 ex
945 1861 1000 1911 sito
1013 1868 1096 1911 terras
1108 1860 1267 1925 despiciens,

157 1951 211 1987 nou
234 1936 360 2000 animm,
388 1935 523 2000 minusque
544 1935 694 1999 religiosum
732 1936 781 1986 sibi
803 1938 870 1995 hrrnc
892 1938 975 1987 iocum
999 1937 1089 2001 elegit,
1111 1936 1167 1985 sine
1188 1935 1267 1986 dubio

156 2012 312 2074 redderent,
324 2012 421 2077 tophum
432 2012 543 2076 lapidem
563 2011 693 2073 scabrum,
732 2014 1103 2078 commonuimus-Exuit]
1126 2015 1266 2079 Deposuit.

156 2091 444 2154 ingenuamuturuien,
452 2096 479 2140 et
488 2089 526 2139 ibi
536 2096 694 2139 nascentem.
733 2091 808 2142 Idem.
1266 2110 1270 2115 ·

157 2166 330 2230 -Vioicreatj
373 2169 587 2232 Corrumperent,
611 2166 695 2216 minus
765 2173 798 2220 ιθ
819 2170 886 2220 Dum
904 2185 973 2232 moa,
990 2171 1043 2235 tto]
1075 2170 1127 2221 Hie
1146 2170 1206 2220 talis
1226 2176 1266 2220 est

156 2245 310 2311 religiosum
351 2244 499 2295 redderent.
557 2244 696 2295 Naturalia
733 2248 900 2297 coherentia.
948 2249 1004 2298 Nos
1032 2248 1117 2313 patria
1143 2247 1274 2297 cedamus

159 2323 233 2374 enim
251 2323 318 2373 licet
337 2321 411 2372 rudis
430 2330 458 2372 et
477 2322 604 2387 impolita,
630 2319 696 2370 divi·
733 2325 796 2376 dum
811 2326 894 2376 adirnc
906 2340 999 2375 novam
1011 2325 1132 2375 canitiem
1143 2324 1268 2374 habemus

160 2400 240 2451 niara
249 2399 401 2449 credebaut.
433 2406 461 2449 et
480 2399 519 2449 via
534 2397 697 2449 inferebatur
734 2410 763 2453 et
775 2417 821 2467 per
832 2408 936 2453 setatem
947 2401 1193 2466 possumus-Nova
1204 2403 1269 2451 cusi·

159 2476 255 2542 topho,
266 2475 311 2539 qui
323 2476 512 2526 removebatur.
734 2481 792 2545 tier]
813 2481 883 2530 Dum
895 2479 981 2544 capitii
993 2479 1052 2543 mei,
1064 2479 1130 2528 raris
1139 2487 1167 2529 et
1179 2478 1276 2543 parreis'
1340 2497 1344 2503 ’

192 2557 227 2603 21
245 2552 430 2617 flictuque]
462 2553 560 2618 Incipit
569 2553 625 2617 jam
636 2554 698 2603 Urn-
735 2565 837 2607 tanturn
859 2557 930 2606 canis
950 2557 1143 2622 insperguntur,
1163 2556 1192 2605 id
1220 2565 1270 2619 est,

160 2629 259 2681 britius
284 2643 387 2679 caussas
406 2628 566 2693 migrationis
585 2644 638 2679 auae
657 2644 697 2678 re·
735 2635 796 2684 dum
810 2634 907 2699 incipio
918 2648 997 2684 renea
1009 2624 1274 2684 eness—se‘ctasesec:

160 2720 282 2759 censere.
315 2706 700 2771 EstenimiraecSatyrareiat
735 2712 786 2775 tua]
797 2713 862 2766 Quae
874 2719 974 2762 rectum
984 2727 1026 2761 me
1035 2710 1132 2777 patitur
1140 2711 1271 2774 incedere,

160 2785 300 2848 Dialogus,
310 2792 338 2834 et
350 2785 432 2849 prima
440 2787 540 2850 Satyrae
550 2784 629 2835 rerba
638 2789 700 2834 saut
736 2789 849 2838 noudum
859 2804 951 2852 corpus
959 2789 1103 2853 incurrans,
1110 2803 1167 2854 quae
1177 2788 1271 2854 incipit

162 2863 308 2924 Juvenaiis,
335 2862 494 2913 Umbritinm
516 2863 573 2927 jam
600 2862 699 2913 abitum
736 2865 989 2915 anuoaetatistxrv.
1023 2865 1097 2915 idem.

163 2947 309 3005 parantem,
320 2940 505 3003 convenientis,
522 2947 551 2990 et
569 2942 701 3006 alioquen-
768 2947 801 2993 27
818 2944 1005 3007 Damoupereat,
1018 2942 1072 3006 tre]
1104 2944 1174 2993 Dum
1187 2941 1271 2992 adhuc

163 3016 306 3080 tin-Hic]
339 3017 482 3067 Inuallem
498 3017 609 3080 AEgeriae
629 3023 700 3079 post·
737 3017 823 3084 portio
833 3018 919 3083 aliqua
940 3018 1001 3068 ritae
1020 3034 1084 3068 meae
1104 3017 1213 3067 vivenda
1232 3031 1272 3067 re·

164 3109 242 3161 quum
264 3095 388 3144 venimus.
419 3094 642 3144 leiim-Artibus
659 3094 700 3143 iso-
738 3102 799 3145 atat.
832 3095 876 3144 Sic
894 3094 988 3144 Horat.
1005 3096 1095 3144 ‘Dum
1107 3109 1148 3143 res
1159 3101 1186 3142 et
1198 3099 1272 3155 aetas,

163 3170 252 3234 ustis]
284 3172 358 3220 Belle
369 3169 444 3219 addit
464 3170 577 3232 toronis,
587 3184 646 3218 nam
658 3183 701 3219 ars
738 3177 767 3222 et
775 3185 891 3221 sororum
902 3169 946 3218 fita
958 3171 1034 3219 trium
1050 3170 1198 3235 patiantur!
1232 3169 1274 3218 Ex

164 3264 263 3314 auceps
280 3263 332 3299 ror
348 3254 398 3311 est,
411 3255 463 3297 tam
476 3248 557 3311 turpia
569 3260 645 3311 quam
657 3247 701 3295 ho·
737 3247 862 3312 figmento
870 3245 981 3295 Poetico
993 3245 1073 3296 dicit:
1085 3245 1129 3309 qai
1139 3245 1280 3294 finxerunt

111 3386 114 3391 ¹
166 3332 252 3378 nesta.
739 3326 811 3374 Deua
828 3321 920 3372 fatales
932 3324 1028 3372 Parcas
1044 3323 1116 3387 quasi
1135 3322 1169 3371 ad
1188 3323 1272 3372 colum

198 3407 232 3453 22
261 3401 435 3465 Emolumenta]
475 3400 569 3452 Nullus
594 3398 703 3462 fructus,
739 3400 869 3462 sedenter,
877 3400 1101 3449 vitamhumanam
1112 3398 1274 3462 dispensare.

164 3481 236 3531 nulia
247 3494 356 3547 merces,
366 3478 452 3528 doctis
463 3485 491 3528 et
508 3478 638 3526 literarum
657 3491 703 3541 pe·
740 3479 780 3529 Ut
792 3478 878 3528 Clotho
886 3478 961 3526 cotum
969 3482 1058 3541 portet,
1066 3476 1276 3539 incucurrerat,

166 3556 224 3608 ritis
233 3556 295 3607 viria
303 3556 422 3604 horreatur
431 3563 501 3604 artes
513 3553 702 3605 exercentibus.
739 3556 844 3618 Atropos
854 3553 1069 3616 orere-narsen]
1087 3553 1180 3614 Parca,
1189 3568 1204 3603 a
1214 3560 1275 3614 λαγ·

199 3639 232 3684 23
251 3632 386 3694 miore,
394 3631 448 3697 ise]
460 3632 491 3681 Id
500 3639 551 3696 est,
559 3631 703 3695 Postquam
741 3629 817 3695 χάνε,
835 3631 938 3691 sortior,
960 3629 1033 3694 quasi
1057 3630 1090 3678 de
1112 3637 1202 3679 nostra
1220 3629 1275 3679 vitu

168 3724 210 3761 res
222 3723 336 3774 opesque
348 3724 413 3759 ruere
430 3708 544 3773 quotidie
557 3709 647 3758 Romae
659 3706 703 3755 de·
741 3708 882 3768 sortiatur3
899 3707 942 3754 iiia
952 3714 1039 3757 auteur
1050 3705 1122 3755 titum
1134 3706 1236 3754 trahere
1248 3711 1277 3755 et

167 3786 413 3849 namne-rnre]
425 3786 535 3837 Veteres
545 3793 633 3836 autem
640 3785 704 3834 mul·
742 3794 865 3850 torquere
875 3783 1094 3847 fingitur-Quod
1104 3782 1225 3846 torqueat]
1233 3782 1276 3830 ri·

168 3871 197 3914 ta
208 3863 333 3913 adverbis
345 3870 413 3913 teste
424 3865 530 3913 Donato
549 3877 596 3927 per
616 3878 629 3912 e
648 3870 676 3910 et
693 3861 705 3910 i
743 3864 797 3913 inm
808 3864 868 3911 uitas
878 3876 953 3922 mea»,
968 3860 1037 3925 quod
1050 3861 1077 3907 in
1088 3872 1178 3923 gyrum
1190 3858 1277 3909 nendo

169 3939 347 4006 proferebant,
357 3942 474 3991 diceutes
486 3946 589 4004 tempore
606 3946 634 3988 et
644 3943 704 3988 tern-
743 3940 914 4000 circumagat.
948 3938 1022 3986 luem.

167 4017 232 4079 pori,
251 4030 369 4080 vespere,
388 4024 416 4065 er
434 4017 555 4079 vesperis
588 4015 662 4075 here,
678 4019 706 4063 et
776 4019 808 4065 28
834 4015 955 4064 Dextrum
974 4013 1094 4075 saiwats,
1113 4010 1164 4074 ec]
1198 4011 1278 4061 Nulio

170 4092 705 4158 heri—Atqueeademeras]FatGradatio.
744 4092 870 4156 scipione,
897 4090 939 4140 cui
974 4089 1129 4149 incumbam,
1158 4089 1278 4139 dextram

204 4174 237 4219 24
253 4171 352 4220 Deteret
363 4169 571 4233 exiguisotr'quiri]
606 4168 706 4232 idest,
744 4184 828 4219 meana
846 4175 1017 4218 sustentante.
1058 4165 1134 4215 litem.
1173 4167 1279 4215 ‘Senex

171 4246 242 4296 Meae
252 4259 296 4296 res
311 4248 426 4311 quemvis
437 4247 463 4295 iu
475 4247 575 4311 exiguis
586 4254 614 4296 et
625 4247 706 4296 minu·
744 4259 852 4309 maguus
863 4245 906 4293 iile
923 4241 1038 4308 quidem,
1056 4248 1177 4305 gravatus
1192 4242 1278 4304 aunis,

172 4322 334 4390 tis„sliquid
363 4325 510 4390 deperdent
532 4331 561 4375 ct
585 4324 707 4376 emittent
745 4329 816 4373 totus
833 4321 862 4371 in
880 4320 1000 4372 baculum
1019 4332 1125 4386 pronus,
1140 4323 1169 4368 et
1184 4318 1279 4370 lassum

236 4405 360 4471 nmen
373 4406 431 4458 uo.
449 4407 511 4456 cro.
696 4407 754 4457 ro.
1159 4402 1174 4449 ι
1192 4392 1214 4449 t
