3084 4934
192 362 206 377 ·
245 352 311 416 nol
591 368 626 415 n.
648 362 753 415 sonu
777 366 992 418 rurnniurs

244 500 358 590 Sidus,
380 516 413 576 et
426 510 551 576 occulti
564 510 718 576 mirando
732 512 881 594 potentia
894 513 978 578 sotii
1119 532 1121 537 ·
1287 516 1354 582 200

244 613 357 680 Servis
374 614 900 698 regnedabunt,„ooptivisFata
914 615 1112 700 triumphos.
1312 616 1350 678 ‘i

244 716 343 781 Felix
355 717 412 787 ille
426 722 537 781 tomen
550 704 652 782 corui>
666 737 799 801 quoque
812 719 919 782 rarior
933 719 1021 784 albo.
1089 792 1092 797 ,
1195 742 1197 747 ’
1244 742 1247 745 ·

244 818 407 885 Poeuituit
418 820 541 885 multos
551 839 664 899 »neuae,
687 821 874 905 sterilisque
889 822 1068 900 cathedrae,

242 1006 340 1067 miram,
355 1009 427 1068 atque
443 1007 581 1069 mumdum
599 1006 648 1057 man
664 1007 736 1057 artu
752 1005 897 1059 recondito?
922 976 1179 1073 Fortono'lmperiem
1200 1023 1288 1071 aem,
1305 1008 1351 1056 tri-

243 1068 354 1132 “molani
363 1071 441 1129 alneto
451 1070 576 1131 commo.
605 1072 772 1133 Nihilominus
783 1073 829 1123 iate
840 1072 979 1133 fortunatos
989 1074 1160 1137 infrequentior
1169 1078 1205 1123 ea
1215 1089 1284 1122 coreo
1294 1088 1350 1122 corr-

242 1133 309 1182 dido.
327 1133 414 1197 Piguit
424 1138 552 1201 complura
560 1137 648 1197 salillo
658 1137 833 1199 eiinfrrulami
840 1140 939 1204 pulpiti,
949 1145 976 1189 al
993 1140 1096 1190 attendit
1109 1140 1172 1205 finio
1185 1130 1353 1203 ibrooymaoha'

241 1319 281 1369 22.
292 1318 333 1365 ro.
368 1316 457 1380 romu
468 1321 508 1367 rr.
519 1322 561 1367 oe.
574 1323 696 1371 rie-aot
714 1321 845 1385 inemptos
856 1320 946 1386 recepi
957 1335 990 1369 ex
1001 1323 1094 1368 ium.
1105 1321 1190 1367 ro-nn.
1201 1286 1348 1367 renent.

241 1385 324 1431 »to-oo.
339 1386 423 1434 oeno.
438 1387 523 1434 ri-rl.
541 1388 582 1434 rr.
615 1385 863 1450 renuntiantem.
876 1389 917 1435 ro.
930 1389 1055 1435 on-non
1071 1385 1137 1433 corvo
1150 1388 1189 1434 ιι.
1222 1382 1349 1432 Menoum

743 1500 851 1551 NOTAE

240 1590 772 1660 thtivia,etbenignursiderumanpectus?
848 1597 964 1647 Mirondo
977 1596 1086 1662 potentio
1097 1595 1162 1662 foll]
1180 1593 1248 1643 Vide
1265 1590 1349 1644 Cicer.

277 1669 412 1733 Ventidius]
436 1671 504 1721 Pub.
518 1672 656 1723 Ventidius
676 1675 773 1724 Baiano
815 1673 935 1739 deFato,
950 1679 1001 1726 dre.

239 1747 329 1796 bombi
348 1761 444 1811 genere
466 1748 494 1798 in
512 1748 611 1800 Piceno
627 1756 710 1814 ortus,
725 1750 775 1801 Aa·
846 1755 894 1802 201
912 1752 993 1802 Samio
1001 1766 1076 1814 regno
1086 1750 1187 1813 rinhart]
1207 1748 1349 1799 UtSerrio

240 1824 300 1872 mlo
309 1821 417 1875 subacto
426 1820 518 1890 captus
529 1824 623 1890 infans,
638 1835 667 1878 et
677 1829 704 1878 in
715 1830 774 1879 riou
814 1829 899 1878 Tullio
909 1828 991 1879 nobili
1001 1828 1105 1893 quidem
1117 1827 1231 1889 foemina,
1241 1825 1350 1890 captiua

238 1900 329 1951 matria
357 1911 447 1952 vectus
475 1912 537 1955 ente
559 1920 661 1957 currum
685 1909 774 1958 trium·
814 1910 902 1954 tamen
912 1912 940 1954 et
951 1903 1044 1954 ancilia
1055 1903 1152 1968 genito.
1164 1902 1276 1965 Eutrop.
1325 1906 1328 1917 '

238 1979 343 2042 phontis
351 1979 471 2045 Pompeii
478 1981 628 2033 Strabonis:
645 1985 772 2035 comodo·
847 1981 956 2045 Captivis
970 1978 1029 2040 folo
1048 1978 1190 2043 triumphos]
1205 1980 1247 2043 ¹,Ut
1257 1976 1349 2028 Venti·

135 2047 137 2051 ’
238 2057 357 2119 leviaret,
373 2058 507 2110 rhedarios
518 2061 647 2111 acmulio.
666 2062 770 2132 Qeinde
812 2056 865 2120 dio,
881 2058 914 2107 de
931 2073 982 2123 quo
1002 2058 1089 2107 Valer-
1101 2057 1209 2107 Maxim.
1223 2071 1259 2106 vl·
1270 2060 1295 2106 9·
1310 2056 1348 2106 tic

238 2149 301 2184 vero
318 2136 349 2186 C.
371 2136 471 2186 Caesari
489 2144 566 2187 notua
588 2144 617 2187 et
639 2137 772 2189 familiaria
789 2137 793 2145 '
811 2135 904 2184 habet:
923 2135 973 2184 ‘P.
984 2134 1122 2185 Ventidius
1138 2149 1172 2183 ex
1190 2133 1305 2196 Parthis,
1320 2133 1349 2183 et

238 2210 314 2274 adeo,
338 2218 368 2261 ut
397 2227 458 2261 mox
477 2213 608 2263 Tribunos
630 2215 718 2264 Plebis
743 2223 772 2267 et
812 2225 860 2273 per
870 2208 1022 2260 Parthos'de
1032 2212 1117 2261 Croesi
1128 2210 1244 2259 manibus
1255 2210 1282 2259 in
1290 2209 1349 2259 hoa·

238 2285 342 2336 Pronior
357 2294 460 2337 creatus
478 2288 520 2340 rit.
553 2289 653 2339 Postea
670 2290 771 2354 junctio
812 2287 853 2336 tili
868 2288 923 2337 eolo
939 2286 1124 2338 miserabiliter
1135 2286 1288 2351 jacentibus
1301 2285 1348 2335 tri-

238 2377 299 2411 cum
309 2360 426 2413 Antonio
444 2363 562 2427 partibus
582 2365 771 2417 Pontificatum
811 2364 934 2427 uurphnm
946 2363 1035 2413 duxit:
1055 2364 1137 2429 etqui
1156 2363 1274 2428 captivus
1291 2377 1348 2413 cor·

238 2435 348 2504 adeptus
371 2446 398 2489 et
420 2440 597 2506 Consulatum,
620 2439 771 2509 indignante
812 2456 898 2490 cerem
915 2430 1104 2504 'exhorruerab
1135 2441 1220 2489 victor
1240 2440 1349 2506 Capito·
1388 2435 1393 2442 ’

237 2513 302 2566 iicet
323 2531 353 2567 ao
375 2515 501 2567 fremente.
522 2519 623 2583 Populo
642 2521 769 2574 Romano.
811 2518 872 2567 lium
885 2517 1012 2568 felicitate
1024 2517 1176 2569 celebravit.
1209 2515 1242 2565 Iu
1254 2516 1346 2581 eodem

238 2590 324 2656 Ageii.
344 2606 391 2643 xo.
412 2597 436 2644 4.
475 2593 542 2644 Vide
571 2595 640 2648 Plin.
658 2611 709 2648 vn.
730 2603 770 2649 43.
812 2597 892 2646 etiam
911 2596 976 2647 iilud
996 2597 1128 2659 eximium,
1156 2595 1226 2661 quod
1253 2595 1347 2663 eodem

237 2668 371 2739 i‘lutarch.
389 2670 416 2719 in
428 2670 491 2720 Vita
501 2671 540 2721 M.
551 2669 668 2737 Antonii,
685 2688 701 2723 a
721 2690 772 2740 quo
812 2688 879 2723 anno
899 2672 1004 2723 Prator
1021 2681 1049 2722 et
1067 2672 1163 2724 Consul
1183 2680 1225 2720 est
1243 2669 1346 2721 factus!

237 2746 330 2797 mirone
341 2746 374 2796 ad
393 2745 568 2812 reprimendos
578 2749 691 2801 Parthos
703 2751 772 2801 Veu·
812 2749 849 2799 Et
868 2749 938 2799 Plin.
957 2749 1030 2799 citat.
1052 2762 1103 2798 uir.
1121 2751 1162 2797 43.
1189 2746 1346 2810 ‘Fortunae'

237 2823 326 2888 tidiua,
361 2823 395 2874 de
423 2825 474 2875 iilis
497 2832 588 2889 postea
613 2826 772 2893 triumphum
812 2827 906 2892 inquit,
921 2826 1099 2890 ‘triumphare
1110 2823 1177 2875 Pub.
1193 2823 1345 2872 Ventidium

237 2900 300 2964 egit,
328 2903 409 2966 (teate
429 2902 510 2951 etiam
538 2903 606 2952 Plin.
629 2919 690 2953 mox
711 2906 772 2971 cit.)
812 2903 962 2953 deParthie
977 2902 1059 2952 voluit
1077 2899 1179 2967 quidem
1190 2900 1281 2961 solum,
1299 2898 1346 2948 sed

236 2977 301 3028 celei
318 2977 357 3027 vir
374 2977 453 3030 animi
473 2985 502 3029 et
517 2992 604 3029 rerum
619 2994 771 3045 magnarum
812 2980 923 3029 eundem
945 2981 972 3028 in
997 2978 1129 3042 triumpho
1146 2976 1277 3025 Asculano
1296 2978 1346 3028 Cn.

236 3054 356 3120 cupidus.
397 3054 532 3105 Plutarch.
554 3054 619 3105 ibid.
653 3054 770 3108 Alterius
811 3054 930 3120 Pompeii
951 3054 1089 3105 Strabonis
1116 3052 1193 3103 duxit
1218 3052 1346 3117 puerum,'

235 3131 316 3182 eliam
324 3132 440 3183 Ventidii
453 3132 569 3181 meminit
576 3132 659 3184 Tacit.
672 3133 689 3183 Ι.
701 3148 753 3187 111.
811 3133 861 3180 dcc.

271 3208 372 3273 ihliiuo]
402 3211 463 3259 Non
483 3209 586 3272 Cicero,
602 3210 647 3259 ned
666 3210 769 3261 Servius
842 3212 891 3257 202
909 3208 981 3258 Felix
991 3208 1045 3274 ille]
1067 3205 1346 3272 Quintiliano'rimilis,

235 3284 398 3335 TulliuoRex
407 3287 578 3335 Romanorum
587 3294 769 3354 sextus,quem
810 3286 852 3334 cui
869 3285 973 3335 divitiae
986 3283 1038 3335 Ara
1049 3285 1194 3335 Rhetorica
1205 3285 1347 3348 pepererit.

236 3353 315 3430 aerea
323 3368 406 3410 matre
421 3367 537 3410 creatum
557 3363 590 3412 ad
607 3364 686 3413 Urbis
705 3366 770 3430 regi·
845 3365 1020 3426 Cornooooqae
1035 3362 1114 3411 rarior
1123 3359 1187 3424 olio]
1220 3350 1350 3411 Proverb.¹

235 3450 295 3487 rnen
307 3435 500 3486 evexitindoies
510 3437 612 3503 eximia,
620 3453 669 3489 nec
678 3439 770 3491 obacu-
811 3445 840 3488 ut
851 3444 912 3487 ante
924 3438 1000 3488 Satin.
1013 3450 1050 3487 vi.
1063 3452 1099 3486 ra.
1111 3441 1168 3487 165.
1184 3437 1192 3463 ‘
1205 3437 1274 3485 Rara
1289 3435 1344 3485 avio

236 3514 301 3563 ritas
320 3512 438 3562 inhibuit.
466 3513 535 3563 Flor.
548 3528 568 3563 1.
580 3519 605 3564 0.
636 3514 705 3566 vide
715 3518 770 3568 Tit.
810 3515 934 3578 interris,
949 3516 1076 3580 nigroque
1094 3513 1224 3563 simillima
1244 3515 1353 3578 cycno?-

235 3590 292 3641 Ihr.
312 3603 332 3640 1.
350 3594 391 3639 39.
411 3596 438 3639 et
457 3604 511 3654 neq.
526 3590 570 3639 ubi
585 3592 668 3642 Servii
689 3594 770 3644 Tullii
810 3592 933 3643 Ceterum
952 3604 1043 3641 corvos
1062 3604 1245 3654 nonnunquam
1269 3590 1343 3640 albon
1439 3633 1448 3642 .

234 3666 336 3739 natales
348 3666 415 3731 apud
428 3666 593 3717 Corniculum
607 3669 696 3719 urbem
708 3686 769 3736 cap·
809 3667 918 3732 reperiri
926 3683 958 3717 ex
966 3666 1116 3717 Aristotelis
1127 3666 1274 3716 testimonio
1286 3682 1293 3727 ;
1315 3682 1343 3716 u·

234 3748 300 3805 tam,
311 3742 431 3791 educatio
442 3741 511 3806 apud
521 3742 690 3809 Tarquinium
699 3746 768 3797 Prie·
808 3759 921 3809 numque
932 3759 1039 3793 corvum
1050 3743 1161 3794 candido
1181 3744 1265 3793 nitore
1281 3757 1350 3807 con·¹

234 3824 303 3881 eum,
313 3818 445 3881 augurium
456 3819 528 3882 regni
537 3835 585 3885 per
595 3821 728 3887 Tanaquil,
739 3829 767 3874 et
808 3819 926 3883 apicuum
946 3819 979 3868 ad
998 3817 1158 3883 Alphonsum
1175 3818 1270 3867 Siciliae
1291 3819 1342 3868 Re-

235 3895 389 3967 prodigium,
407 3899 466 3959 δια,
484 3904 631 3948 narrantur.
672 3901 766 3949 Eutro-
808 3910 865 3960 gem
877 3896 1014 3962 aliquando
1034 3896 1250 3945 aBritannorum
1267 3894 1343 3960 Rege

233 3972 293 4039 pino
304 3972 344 4022 ait
352 3972 497 4021 ordinatum
511 3973 544 4022 ab
560 3989 592 4025 eo
606 3974 689 4038 primo
700 3978 766 4027 cen.
807 3972 875 4020 dono
891 3971 1016 4021 mianum:
1038 3971 1145 4034 insuper
1161 3977 1189 4018 et
1210 3970 1341 4021 cornicem

234 4064 300 4111 oum,
317 4048 360 4113 qui
378 4048 462 4099 adhuc
480 4062 527 4115 per
538 4050 626 4101 orbem
638 4060 767 4104 terrarum
807 4051 891 4101 albem
914 4067 930 4101 a
949 4067 976 4101 oe
996 4050 1086 4115 visam,
1113 4047 1223 4099 affirmat
1244 4049 1341 4100 Coeliuo

233 4126 379 4190 incognitus
391 4133 457 4177 erat.
505 4190 508 4195 ⁴
807 4126 1116 4189 Rhodiginus,xv11.ll.

266 4207 315 4255 200
331 4202 415 4269 Sidae]
448 4203 575 4254 Noocenti
603 4219 765 4273 prosperum.
838 4208 886 4271 203
914 4201 1052 4265 Catbedroe]
1078 4200 1247 4252 Profemionir
1271 4198 1342 4250 Rhe·

234 4265 397 4345 hildoinum.
805 4282 904 4331 toricae.
933 4278 1048 4330 Martini.
1079 4277 1211 4330 ‘Circum
1235 4277 1341 4344 pulpita
