3084 4934
552 482 556 491 ⁴
607 468 750 523 sarias
774 471 814 523 x.
1195 457 1263 526 561

154 610 241 687 cam
255 636 351 702 grege
363 614 551 687 Chaldaeol
571 616 628 684 vis
639 621 728 684 oorte
740 616 824 702 pila,
837 615 1002 698 cohortes,

155 717 314 801 Egregios
327 718 869 804 equiten,etcastrudomestieal
891 720 1009 804 quidni
1218 721 1266 789 96

155 820 247 888 Haeo
261 821 402 905 cupiosi
424 827 470 905 et,
485 822 544 907 qui
557 823 673 889 nolunt
686 823 837 888 occidere
852 843 1055 908 quenquam,

155 920 265 987 Posse
278 922 403 989 volunt.
448 923 516 988 Sed
531 944 608 1009 qaae
624 922 801 1009 praeclara,
817 930 852 991 et
863 945 1025 1011 prospera
1039 926 1134 1005 tanti,

153 1111 539 1177 &mommoriacensi
556 1116 634 1179 Optat
644 1114 738 1179 quide-s
746 1114 808 1179 pilo,
817 1120 917 1180 tumus,
926 1114 1132 1181 materiarios,
1143 1122 1214 1182 deae
1224 1132 1267 1169 aa

154 1179 256 1227 ercitum
260 1177 417 1239 fmriliaresrs.
445 1181 524 1230 Ecear
533 1181 581 1229 istu
590 1196 637 1229 sos
648 1185 744 1245 exoptes
751 1177 773 1229 l.
799 1182 883 1231 Etiam
893 1181 933 1246 pai
941 1198 988 1232 sos
997 1184 1097 1244 capiant
1109 1183 1183 1233 allata
1192 1185 1268 1234 iuter.

146 1242 234 1308 fleme,
249 1244 347 1309 captust
363 1259 438 1310 pesae.
453 1264 457 1269 ·
472 1246 732 1309 mammet
750 1248 854 1297 mma
871 1246 1011 1298 masma
1028 1246 1158 1313 faciem,
1175 1250 1268 1313 qums

624 1376 743 1397 ”em
746 1376 805 1396 ‘009

155 1459 244 1506 wid.
255 1459 295 1505 82.
306 1456 332 1506 h.
340 1471 365 1506 e.
374 1470 430 1520 qme
439 1457 516 1508 sedes
523 1458 597 1524 qnasi
608 1461 683 1525 regni
693 1459 754 1524 snit,
764 1475 782 1510 a
791 1459 942 1510 Romailluc
951 1458 1088 1518 translati3
1105 1457 1146 1508 vel
1158 1456 1269 1520 impera·

156 1520 1270 1601 toriaacsanctatv.Ovld.Past.1.m.sqq.)etrenerrbill‚qnosiaml’rinciplsfait

156 1599 286 1637 sanemus.
319 1587 372 1637 lled
388 1588 443 1639 lrac
458 1589 532 1639 notio
544 1590 600 1653 jam
618 1592 775 1656 exprimitur
786 1591 872 1641 verbis
882 1590 1005 1653 Priacspis
1013 1590 1127 1651 mis,
1136 1594 1165 1637 et
1176 1601 1270 1637 renas·

155 1650 212 1703 tias
219 1648 415 1717 mordaciusque
426 1660 467 1704 est
475 1654 732 1720 epithetanesgusta,
743 1657 813 1722 qaod
825 1656 929 1706 restitui
940 1670 974 1705 ex
986 1659 1027 1707 11.
1037 1658 1121 1705 14-21).
1133 1657 1219 1703 4550.
1227 1657 1269 1703 55.

156 1719 242 1769 5751.
253 1720 391 1775 dmi-68.
401 1724 443 1770 77.
453 1720 545 1783 probb.
556 1721 653 1785 Sasllg.
665 1721 699 1771 sd
710 1723 804 1773 Manli.
816 1737 844 1786 p.
854 1737 889 1771 sn.
907 1724 949 1770 42.
967 1721 1042 1770 Voss.
1056 1719 1171 1783 Etymol.
1190 1733 1219 1782 p.
1228 1720 1271 1771 ⁸⁰.

156 1780 341 1833 etLindenbr.
375 1784 456 1848 Finge
469 1784 606 1850 tibiImpe
637 1795 720 1838 torem
737 1789 882 1839 Romanam
892 1792 921 1835 st
931 1786 1088 1850 Augustam,
1107 1784 1271 1848 inparatos

156 1853 267 1909 petrosa
276 1847 601 1902 insalutatum—940
655 1854 765 1902 cll-2⁰.
792 1851 876 1912 ferree
907 1866 936 1900 ro
946 1856 1010 1900 certe
1022 1854 1062 1900 15.
1080 1850 1116 1898 ais
1127 1847 1272 1912 dacerept‘lo

157 1911 262 1960 emend.
277 1912 415 1977 Scioppius
426 1915 547 1964 Veriaim.
560 1930 598 1966 rr.
611 1921 652 1966 15.
669 1918 707 1966 ais
717 1923 788 1966 cestre
800 1917 853 1981 pilo
863 1932 889 1966 eo
919 1917 965 1964 rtis
974 1915 1012 1980 (h.
1025 1929 1050 1964 e.
1069 1912 1271 1978 primipilatum)

157 1979 202 2024 6⁰.
221 1980 262 2026 55.
281 1978 356 2041 prob.
376 1979 492 2030 Mancia.
525 1980 630 2030 Neutra
648 1983 727 2031 lectio
740 1982 855 2044 vulgate
875 1978 1042 2045 praeferenda
1057 1978 1172 2029 videtur.
1205 1976 1272 2031 Hae

157 2052 223 2089 vero
240 2041 321 2092 verba
332 2058 392 2093 cum
402 2042 560 2108 affirmantis,
580 2053 636 2095 tum
646 2046 831 2109 interrogantis
841 2060 897 2095 esse
908 2047 1092 2108 possunt-96
1107 2044 1187 2092 soluat
1196 2045 1273 2090 ⁷1.-

157 2107 193 2155 n
207 2108 291 2157 minut
301 2112 343 2160 ta.
375 2114 470 2160 tantum
479 2115 520 2161 1⁰.
531 2115 572 2162 ll.
585 2115 669 2162 14-17.
685 2116 727 2162 19.
746 2114 937 2161 25212411.
955 2114 995 2159 4⁵.
1006 2112 1048 2159 59.
1066 2112 1108 2158 60.
1120 2111 1160 2158 64.
1175 2111 1217 2158 aa.
1230 2108 1273 2157 on.

657 2261 769 2313 NOTAE

194 2367 353 2432 Caprearum]
378 2371 422 2421 De
439 2371 583 2436 capreensi
598 2372 648 2424 lroc
659 2387 698 2422 se·
738 2373 772 2424 ad
784 2389 875 2425 rocem
892 2371 1021 2424 Chaldaeit.

159 2452 236 2496 cessa
247 2447 330 2497 multa
348 2447 455 2499 sueton.
473 2456 560 2501 etnos
577 2450 698 2517 quedam
775 2452 817 2502 Vis
825 2458 889 2502 certe
902 2451 964 2514 pila,
982 2446 1036 2513 tra]
1063 2446 1143 2498 certa
1165 2456 1276 2508 caperes

159 2528 222 2572 ants
233 2522 267 2573 ad
276 2538 314 2574 vs.
326 2527 368 2574 ⁷2.
386 2526 490 2577 Cornel.
503 2527 589 2578 Tacit.
601 2526 697 2579 Amal.
739 2527 853 2581 militare
864 2527 1022 2592 presidium,
1041 2530 1088 2575 ant
1098 2522 1177 2573 etlam
1187 2520 1275 2585 Impa-

159 2602 186 2651 4.
197 2602 277 2664 paulo
289 2607 351 2651 ante
361 2602 440 2654 linem
459 2604 497 2655 sic
514 2605 610 2655 habet:
629 2605 698 2656 ‘Cn
738 2603 816 2654 narn.

159 2692 279 2742 preesse
298 2677 327 2728 in
348 2679 465 2731 Insulam
487 2681 598 2744 andins,
618 2682 698 2730 triam
772 2680 842 2746 Pila]
868 2679 966 2742 Pilum,
984 2679 1049 2729 alias
1069 2675 1173 2737 hastile,
1191 2672 1278 2738 spica·

160 2754 268 2804 millium
286 2754 356 2805 freto
367 2756 400 2805 ab
411 2757 534 2806 extremis
551 2756 700 2807 Surrentini
739 2756 804 2821 lam,
808 2757 935 2822 jaculum.
969 2754 1013 2806 Ab
1023 2769 1055 2804 co
1066 2751 1212 2819 primipilus
1223 2750 1278 2800 dic·

159 2830 336 2881 Promontorii
365 2832 528 2897 disjunctam.
576 2832 700 2883 Solitudi·
742 2840 785 2884 tus
796 2834 895 2900 primus
914 2833 1054 2884 Centurio:
1072 2845 1130 2880 nam
1150 2824 1278 2893 ejusmodi

160 2919 219 2956 nem
230 2907 289 2971 ejna
306 2906 436 2972 placuisse
454 2909 566 2959 maxims
583 2909 702 2959 credide·
743 2910 884 2961 missilibus
896 2909 988 2960 armati
999 2915 1075 2958 erant
1086 2905 1197 2972 pedites.

135 3022 136 3031 ,
160 2983 217 3048 rim,
234 2983 356 3048 quoniam
367 2984 555 3049 importuosum
567 2984 639 3035 circa
649 2999 703 3033 ma-
778 2985 902 3050 Colrortes]
921 2985 987 3037 Quae
997 2984 1090 3033 decem
1102 2986 1177 3031 erant
1196 2979 1223 3029 in
1241 2980 1279 3028 le-

160 3068 236 3128 re‚et
244 3063 292 3112 vix
303 3062 413 3113 modicis
425 3062 535 3128 navigiis
543 3077 631 3127 panca
642 3062 703 3112 snb·
743 3063 831 3127 mone.
863 3062 963 3113 Cohors
982 3065 1070 3109 antem
1090 3056 1167 3107 modo
1189 3053 1281 3104 habuit

161 3136 345 3204 sidiarneqne
356 3139 488 3204 appulerit
497 3140 644 3205 quisqam,
654 3137 703 3189 nisi
743 3140 840 3192 milites
868 3139 1007 3198 ducentos,
1034 3135 1098 3184 alias
1123 3131 1280 3198 quingentos

161 3214 371 3282 gnmoonstode.
405 3216 471 3267 Coeli
484 3216 627 3280 temperies
639 3216 701 3281 hye-
742 3215 931 3282 qninquaginta
953 3213 1064 3279 pedites,
1093 3209 1196 3276 equites
1216 3221 1280 3258 vero

160 3307 202 3343 me
213 3292 296 3355 mitis,
317 3293 422 3358 objectu
434 3294 544 3344 montis:
563 3307 614 3358 qno
631 3306 703 3342 aava
742 3293 880 3356 sexaginta
896 3305 952 3354 sex,
971 3305 1030 3355 qnae
1048 3289 1109 3338 inde
1127 3287 1282 3354 quingenta·

161 3377 303 3420 ventorum
315 3376 448 3419 arcentur.
483 3364 702 3420 lEstasinFavo·
743 3369 782 3419 rla
801 3368 875 3418 dicta
890 3374 948 3418 est:
966 3367 1004 3417 sic
1026 3371 1055 3416 et
1073 3369 1131 3415 erat
1151 3363 1281 3429 milliaria,

161 3447 233 3497 nium
244 3445 366 3507 obversa,
377 3451 406 3495 et
416 3452 509 3510 aperto
521 3447 622 3496 circum
632 3447 703 3511 pela·
743 3461 803 3511 quae
814 3444 932 3510 peditum
941 3449 999 3494 erat
1010 3447 1085 3506 1550,
1095 3442 1213 3508 equitum
1225 3443 1282 3492 154.

163 3534 195 3587 go
206 3537 374 3588 peramoena:
393 3523 633 3591 prospectabatque
645 3525 703 3588 pul·
743 3522 862 3572 Fuerunt
872 3526 900 3571 et
911 3520 974 3570 alibi
985 3519 1104 3570 diverse.
1130 3518 1199 3567 Vide
1207 3515 1283 3566 Alex.

163 3601 322 3651 stemmata
341 3602 434 3665 sinum,
462 3610 600 3668 antequam
622 3602 705 3652 Vesa·
744 3599 778 3649 ab
789 3597 868 3649 Alex.
881 3611 903 3648 1.
915 3604 941 3648 5.
951 3603 980 3648 et
995 3611 1035 3649 vr.
1046 3600 1086 3646 15.

164 3676 220 3727 vina
236 3691 313 3728 mous
324 3675 463 3728 ardescens
479 3677 573 3730 faciem
584 3679 636 3728 loci
648 3693 705 3728 ver·
777 3681 809 3726 95
818 3673 1041 3739 Egregioseqaltes]
1047 3674 1165 3724 Selectos
1174 3669 1207 3720 ad
1216 3684 1283 3734 pre·

166 3753 254 3809 leret?
745 3754 849 3817 sidium,
873 3751 966 3819 quibus
988 3751 1090 3817 praesis,
1118 3755 1148 3800 nt
1173 3747 1284 3813 Sejanus

195 3838 228 3884 os
247 3835 311 3882 Gom
320 3849 396 3898 grege
409 3835 533 3901 Chaldaeo]
561 3837 626 3886 Cum
647 3834 705 3885 Ma·
745 3831 879 3883 Praetorio
889 3829 1044 3880 Praefectus.

166 3911 324 3974 thematicis‚
343 3927 452 3977 qnorarn
470 3918 528 3964 arte
546 3913 648 3975 gavisus
668 3912 706 3961 in·
781 3910 869 3959 Gauro
883 3905 1023 3969 muira]
1050 3903 1151 3955 Milites
1163 3898 1198 3950 ad
1209 3905 1282 3950 tuam

168 3986 416 4038 terdum'liberins.
443 3986 606 4052 Thrasyllum
626 3986 705 4051 inpri·
746 3984 933 4037 custodiamur
946 3983 1066 4032 tutelam.

170 4063 217 4113 mis
239 4064 403 4127 observasset
422 4079 453 4113 ac
471 4065 545 4113 velut
565 4064 705 4129 sapientiae
780 4068 812 4114 nt
831 4064 904 4113 Posse
913 4063 993 4111 nolunt
1022 4059 1060 4110 Ut
1071 4056 1164 4107 saltem
1174 4050 1285 4103 timean-

171 4138 347 4193 Professorern
366 4141 611 4193 incontnbernium
628 4139 707 4191 admi·
748 4144 801 4203 tur,
811 4139 944 4204 magisque
954 4136 1132 4185 observentur.

173 4214 241 4281 sisse,
251 4218 327 4268 testis
336 4218 444 4267 sueton.
453 4218 544 4269 liber.
556 4233 580 4268 c.
593 4221 635 4269 14.
662 4220 706 4268 De
781 4216 830 4266 Sed
848 4230 902 4280 qua
918 4212 1032 4276 malam
1051 4212 1075 4258 st
1091 4219 1213 4272 prowm,
1232 4196 1288 4291 ill-i

175 4292 453 4356 colummannus.
749 4295 816 4348 Quas
835 4290 940 4341 t'ortuna
960 4282 1123 4352 quantumvis
1150 4277 1289 4345 splendida

200 4370 319 4434 Cleuas]
334 4369 404 4420 Vide
416 4371 472 4421 Sat.
480 4384 519 4421 vr.
530 4375 588 4422 551.
608 4369 708 4422 Annot.
749 4366 871 4433 exoptati
882 4370 1008 4425 meretur,
1023 4373 1055 4411 es
1065 4360 1133 4423 lege,
1144 4360 1178 4433 ¹ut
1190 4361 1251 4419 post
1261 4352 1287 4404 el

238 4451 514 4521 capuensem.
709 4452 768 4502 rue.
1170 4436 1222 4486 1Η
