3084 4934
261 355 328 425 aess
607 373 717 425 norm
741 374 947 427 vuurnuum
968 377 1009 426 ru

260 500 572 565 —Osssicferresipotsu
587 506 612 551 st
629 500 710 566 dela]
742 502 793 554 Co·
829 503 957 569 siquidem
965 506 1051 557 omniu
1059 505 1136 572 ferre,
1144 514 1175 559 et
1186 521 1275 560 verum
1284 509 1369 561 Pars»

262 580 324 645 pola
333 578 377 629 hic
387 580 472 628 locum
482 593 534 628 non
546 578 650 630 hebete
664 580 796 631 sententia
831 580 1294 650 sitnmpotssugcre,aequame1·lttc
1305 574 1369 639 levae

260 659 389 720 pustulat,
406 662 437 705 ut
455 655 567 707 scribas:
598 655 686 706 Omsiu
695 655 796 717 severi
830 672 934 723 quoqne
957 668 1008 709 tura
1029 675 1149 723 persono
1176 663 1374 728 convenientia,

257 739 326 800 potes
336 739 365 783 st
374 733 451 784 deiru
469 734 557 784 Graev.
832 735 1096 802 aequounimoferre.
1128 738 1215 788 Iulis.

295 816 341 862 1⁷1
354 809 525 874 Sipotcs,85c.]
553 810 796 862 Quumsntesmul·
865 818 912 863 lit
930 814 980 864 His
990 813 1077 877 epulis]
1109 812 1368 879 Idestdignns,qui

260 887 542 951 statuminationibus,
560 887 617 937 illos
633 889 678 952 qni
693 903 796 941 mensas
832 891 928 942 talibus
940 892 1024 956 epulis
1036 890 1162 940 vilissimis
1173 899 1201 940 et
1210 891 1369 945 miserrimis

260 967 438 1032 potentiorum
456 972 601 1030 sectantur,
620 965 700 1031 polite
714 964 797 1016 fuerit
832 967 963 1029 tracteris,
980 971 1008 1016 et
1018 967 1097 1016 tulem
1107 967 1186 1017 etium
1197 968 1307 1025 ornicum
1318 966 1373 1016 do·

260 1042 421 1097 insectatus:
438 1050 499 1106 post
513 1043 595 1092 mults
611 1057 669 1108 quac
686 1044 734 1093 sub
750 1043 796 1092 ali·
831 1042 928 1093 minum
939 1048 968 1092 et
979 1049 1118 1106 patronum
1129 1042 1234 1104 habeas,
1245 1042 1325 1106 quiin
1338 1048 1371 1093 te

262 1135 313 1171 eno
327 1120 435 1185 imperio
446 1119 525 1184 digua
534 1128 614 1186 atque
625 1120 731 1185 indigno
741 1121 796 1186 pati
833 1134 905 1169 sunm
914 1119 1063 1171 Parasitum
1085 1125 1137 1168 tam
1154 1121 1370 1184 contumeliosus,

261 1212 370 1248 necesse
381 1203 435 1258 est;
452 1205 483 1247 ut
498 1198 604 1248 tandem
616 1198 679 1269 sein
691 1198 797 1248 libertu-
832 1201 861 1246 et
868 1196 1003 1261 injuriosus
1011 1196 1060 1258 sit;
1077 1197 1137 1260 quia
1148 1204 1201 1247 tum
1214 1197 1301 1246 servili
1311 1197 1372 1247 ani·

261 1281 316 1329 tem
338 1275 478 1337 vindicent,
499 1274 633 1325 suadendo
655 1275 798 1339 concludit,
832 1288 920 1326 moes.
953 1273 1029 1326 Quod
1043 1273 1209 1325 Britannicus
1230 1280 1258 1324 et
1272 1273 1317 1323 alii
1328 1273 1370 1329 di·

262 1353 355 1404 ultima
375 1353 427 1402 illis
448 1353 639 1402 interminatus.
671 1352 797 1403 ‘Pulsum-
832 1355 905 1412 cunt,
920 1349 1052 1413 designari
1071 1349 1112 1401 iric
1130 1349 1234 1401 modum
1245 1364 1296 1413 quo
1308 1350 1369 1414 quis

262 1429 324 1480 dum
335 1430 490 1494 quandoque
505 1436 585 1493 caput
602 1428 701 1478 vertice
712 1442 770 1477 ruso
780 1427 796 1477 ι’
833 1428 899 1481 liber
921 1443 937 1477 a
959 1434 1072 1492 praetora
1092 1442 1140 1492 per
1156 1427 1297 1479 vindictum
1317 1427 1369 1489 θὶς

262 1505 295 1555 ln
311 1506 425 1569 dedecus
436 1513 463 1556 ct
475 1506 619 1555 irrisionem
629 1504 797 1555 contumelio·
833 1506 903 1571 quod
915 1505 970 1556 scil.
988 1506 1006 1554 ii
1018 1505 1063 1571 qui
1074 1520 1108 1555 er
1119 1505 1244 1557 servitute
1254 1505 1281 1555 in
1289 1506 1370 1556 liber·

262 1578 797 1645 sumtonsiscapillisservilirituindururn
833 1586 914 1632 istem
937 1581 1105 1644 vocabuntur,
1133 1595 1199 1630 ruso·
1218 1581 1305 1645 capite
1331 1581 1368 1631 ud

263 1659 417 1709 servitutem
425 1657 536 1707 mitteris
546 1656 697 1706 verberibus
706 1661 734 1706 et
743 1656 798 1721 pla·
833 1656 979 1706 Praetorem
989 1656 1069 1718 irent,
1080 1657 1125 1721 qui
1135 1670 1226 1709 eorum
1236 1664 1316 1720 caput
1327 1656 1366 1707 bis

261 1735 303 1799 gis
314 1734 449 1799 expositus
460 1740 487 1784 et
497 1733 640 1798 subjectus,
656 1731 797 1798 aliquando
833 1739 909 1785 terve
930 1739 1091 1796 percuteret,
1111 1733 1154 1785 vei
1175 1747 1224 1796 per
1248 1733 1366 1785 lictorem

259 1812 352 1879 ¹uiupua
364 1811 488 1875 accipies,
499 1811 728 1876 aliquundocaput
739 1825 797 1860 san·
834 1810 939 1872 percuti
954 1808 1071 1873 juberet,
1088 1807 1184 1858 deinde
1204 1809 1305 1872 virgula
1321 1823 1369 1859 scu

264 1887 333 1938 dolio
344 1888 386 1938 vel
396 1887 467 1937 fuste
479 1887 639 1951 pulsabitur:
657 1888 718 1937 Hoc
728 1886 798 1936 enirn
833 1884 935 1936 festuca
946 1885 1017 1952 (quse
1028 1884 1135 1935 uindicta
1145 1883 1198 1950 est)
1206 1885 1233 1934 in
1245 1899 1303 1935 eurn
1311 1885 1371 1948 jic-

262 1969 365 2030 aequum
374 1971 416 2015 est
426 1969 454 2013 te
463 1964 593 2029 abjectum
605 1969 633 2013 et
641 1962 798 2029 obstipatum
834 1968 871 2025 ta,
887 1969 1026 2027 postquam
1038 1962 1154 2013 domims
1166 1975 1224 2011 eum
1235 1962 1370 2026 vertisset,

263 2041 406 2104 parasitum
425 2041 727 2107 perpetu-Pauorem.
744 2038 798 2103 tu]
835 2038 906 2087 eluta
916 2052 979 2087 voce
991 2028 1112 2089 servituti
1120 2037 1247 2087 eximeret
1258 2044 1369 2100 protom

261 2116 352 2169 Etiam
373 2119 462 2183 cupite
483 2133 541 2169 raso
563 2119 652 2183 ulupaa
673 2115 796 2181 accipies.
834 2111 954 2178 profecto
964 2113 1041 2178 hujus
1052 2124 1104 2162 non
1120 2127 1178 2162 esse
1192 2112 1254 2175 loci,
1270 2118 1298 2162 et
1308 2126 1369 2162 con-

267 2194 322 2244 Vct.
333 2195 390 2246 Scir.
834 2198 876 2242 trs
897 2198 1011 2243 mentem
1029 2205 1086 2242 esse
1099 2188 1217 2256 Artoria,
1238 2191 1299 2257 quia
1317 2203 1367 2258 auu

298 2274 346 2321 172
374 2271 529 2336 Quandoque]
573 2270 627 2321 Hic
653 2270 726 2320 valet
752 2268 796 2319 uli·
834 2266 924 2319 videti

263 2348 363 2410 mdo.
398 2349 449 2398 Nec
459 2350 528 2414 darn,
539 2346 593 2412 iu]
625 2345 706 2400 Quasi
715 2344 796 2396 dicate

681 2654 947 2673 h———u--fl

647 2903 885 2991 suriunt
916 2850 987 2981 vr.

262 3168 266 3172 μ
298 3105 800 3176 HuncSatyraminterpretsturusaum·
837 3129 895 3181 quae
913 3119 993 3166 aetate
1009 3113 1083 3167 Jovis
1095 3112 1213 3179 perierit,
1230 3128 1280 3180 qua
1288 3109 1370 3167 iibido

211 3186 216 3192 “
266 3196 309 3235 ms
319 3198 369 3246 ope
380 3184 429 3233 niti
447 3185 538 3250 debet,
553 3193 583 3237 ut
602 3197 678 3242 caute
690 3197 719 3241 et
728 3199 800 3243 ceste
837 3206 947 3257 regnsre
955 3191 1108 3256 occoeperit,
1126 3207 1184 3255 quac
1200 3205 1233 3240 ex
1244 3193 1290 3243 illo
1305 3198 1370 3242 teme

267 3266 337 3323 agat,
358 3275 391 3310 ne
414 3276 511 3324 procax
527 3265 662 3329 juventus,
691 3282 799 3332 qnorum
831 3283 901 3333 -porc
917 3283 1019 3332 semper
1037 3268 1166 3317 creveritt
1192 3268 1258 3318 adeo
1278 3275 1308 3318 ut
1325 3284 1370 3319 auo

200 3372 201 3375 ,
265 3341 366 3385 mentes
381 3334 459 3387 facile
476 3338 510 3388 ud
526 3340 588 3390 vitiu
599 3350 744 3408 moventur,
761 3358 801 3393 aa·
838 3352 956 3410 tempore
972 3346 1043 3395 nulla
1057 3343 1114 3394 fere
1131 3351 1204 3395 casto
1214 3345 1369 3396 invenietur.

265 3412 345 3463 livam
364 3423 475 3477 moveat,
496 3423 542 3466 cut
564 3420 651 3483 turpio
672 3420 800 3471 audiendo
836 3421 960 3486 -CrsdoJ
987 3422 1145 3486 Plerumque
1170 3422 1202 3470 dc
1219 3422 1323 3471 incerto
1344 3435 1370 3471 rc

266 3487 393 3553 flagitium
410 3494 510 3556 cogitet
530 3502 576 3545 ant
595 3496 682 3546 nefas:
711 3498 758 3547 sed
769 3503 801 3548 ut
838 3500 945 3563 dicitur,
962 3500 1030 3550 unde
1042 3514 1112 3563 saepe
1125 3498 1240 3560 additur,
1258 3513 1373 3548 mm

251 3565 364 3615 'unimus
380 3582 395 3615 u
413 3569 576 3645 turpitudine
585 3579 696 3637 avertst,
707 3582 735 3623 et
745 3588 800 3624 cas·
830 3575 904 3643 fides.
938 3577 997 3627 Nec
1012 3577 1081 3626 euim
1098 3582 1200 3629 certum
1216 3582 1258 3625 est
1275 3574 1371 3638 pudo»

266 3642 339 3692 tituti
351 3643 465 3693 illibatos
476 3654 573 3704 servet,
839 3654 901 3703 tium
912 3667 991 3703 aureo
1002 3654 1089 3703 seculo
1103 3653 1230 3710 intactum
1241 3649 1371 3700 mansitat·

299 3722 313 3767 l
334 3719 568 3788 Crcdopadicitism]
596 3724 729 3788 Superiori
738 3741 800 3791 ergo
838 3728 986 3790 -Sctsm
994 3728 1048 3791 ipo]
1074 3729 1106 3779 Id
1120 3733 1309 3791 santernam
1326 3725 1374 3777 Sa*

265 3793 334 3845 libro
356 3796 383 3845 in
401 3797 514 3847 virorum
533 3799 598 3850 vitiu
616 3801 733 3852 invectus
753 3808 801 3852 esi.
840 3812 1012 3867 turno,uureo
1023 3805 1120 3867 seculo,
1132 3817 1183 3869 quo
1195 3804 1275 3854 omnis
1286 3803 1371 3853 virtus

256 3873 326 3924 riae
346 3880 401 3924 totu
420 3876 526 3940 Satyra,
545 3877 644 3941 ingenti
664 3893 724 3928 usus
735 3885 802 3942 arte,
838 3881 983 3945 colebatur,
995 3882 1106 3944 viguisse
1116 3880 1272 3945 aliquamdiu
1283 3879 1371 3938 inter·

182 4002 184 4005 .
267 3952 402 4003 mulierum
414 3956 542 4005 horrenda
557 3959 657 4007 scelera
673 3960 801 4024 exagitat,
839 3956 874 4006 ris
887 3963 914 4005 et
925 3963 1055 4007 versatam
1071 3957 1140 4007 inter
1150 3956 1275 4007 homines.
1301 3954 1372 4006 vide

266 4029 330 4079 nihil
350 4031 481 4095 omittens,
503 4033 571 4095 quod
590 4034 623 4085 ad
643 4042 732 4099 partes
750 4035 801 4086 dia·
840 4036 929 4086 dclroc
941 4036 1083 4086 Hesiodum
1093 4034 1168 4099 ἔργων
1178 4032 1209 4084 a'.
1226 4033 1341 4083 Mssa.

268 4109 394 4160 suasionis
405 4114 546 4173 pertineat:
564 4114 629 4162 Vult
636 4114 703 4163 enim
713 4115 801 4165 dicere
871 4118 887 4162 2
906 4113 1040 4177 cumdum]
1059 4113 1173 4173 idest,
1193 4125 1252 4161 curu
1271 4108 1373 4161 subter-

266 4184 420 4248 pudicitiam
454 4188 480 4236 in
508 4189 660 4238 mulieribus
690 4190 802 4255 viguisse
841 4205 920 4241 renea
938 4198 1032 4256 crypta
1050 4197 1079 4241 et
1095 4204 1207 4241 caverna
1224 4186 1374 4238 intermet

268 4273 349 4312 aureo
359 4263 448 4313 seculo
458 4270 486 4314 et
496 4264 618 4331 simplici,
625 4267 672 4317 sub
681 4267 802 4335 Saturno,
840 4267 948 4335 rupibus
958 4274 1096 4334 excavato,
1111 4266 1220 4321 sumtus
1233 4265 1374 4317 domun*
