3084 4934
542 391 732 444 tonsura.
774 392 860 442 sur.
883 392 935 441 ιν.
1225 377 1292 447 ow

186 554 241 593 ces.
274 543 327 594 lios
342 548 421 594 vocat
436 543 581 608 municipes
597 543 721 608 Crispini,
758 542 879 608 profecto
895 544 941 596 hie
958 543 1051 597 sedere
1071 548 1099 596 et
1119 543 1292 596 immorari.-

186 619 249 684 qnia
269 619 292 672 is
314 618 516 670 Alexandrinus.
559 621 602 670 Sic
628 621 721 671 eadem
757 621 839 685 Licet]
855 621 910 672 lint
924 623 1056 673 summisse
1067 621 1166 685 dicere,
1176 628 1223 673 aut
1234 618 1293 686 pro·

186 695 290 760 Satyra,
303 697 410 760 patriam
425 696 541 761 Crispini,
549 712 666 761 papyrum
676 713 721 748 vo·
759 701 827 765 prie,
838 715 880 750 res
892 709 982 750 tenues
993 702 1087 751 dicere.
1103 700 1157 750 Vct.
1168 699 1224 751 Scit.

187 779 241 836 eat,
251 774 280 823 id
291 780 341 835 est,
351 774 520 838 municipem:
539 775 575 824 Et
584 775 647 824 aiibi
659 776 721 826 Cre·
792 780 823 826 35
843 778 898 826 Nor
907 782 943 827 ert
953 780 1105 844 contendum]
1120 779 1253 842 Tanquam
1263 776 1292 828 in

188 852 721 918 ticaslapeuas,srraoicipes·lorisappeilst
754 852 919 916 jocularibus
939 862 967 904 et
989 853 1214 916 fabulosiu—Rer,
1237 853 1293 917 im]

186 929 242 980 Sat.
264 943 329 980 xm.
356 929 488 981 Salonam
509 931 580 981 Piin.
604 931 720 981 Exercit.
759 927 1143 995 Ncoiubulosaautjocularis.
1162 931 1250 981 motu.

187 1005 363 1072 Britannicus,
381 1008 426 1073 qui
447 1007 527 1059 etiam
542 1008 627 1070 frodo
648 1009 721 1073 legit,
791 1009 824 1054 td
835 1005 955 1070 Pierider]
967 1007 1049 1056 otusae
1059 1021 1092 1055 ex
1103 1007 1194 1057 Pierio
1201 1012 1294 1058 monte

185 1082 312 1148 inteiligit
329 1099 382 1134 nou
394 1085 524 1150 integram
543 1100 663 1145 mercem,
674 1086 720 1136 sed
757 1080 905 1144 ibeasaliae,
924 1083 964 1131 vel
986 1082 1091 1147 regione
1110 1084 1293 1135 Macedoniarn

183 1159 288 1222 siluros,
315 1175 378 1227 quos
411 1163 558 1212 minutatim
586 1161 722 1224 venderet,
758 1166 787 1208 et
808 1157 871 1207 milri
891 1160 934 1207 vel
956 1159 990 1208 ob
1012 1160 1061 1210 boc
1080 1161 1135 1210 sitis
1161 1161 1293 1226 propitiae,

186 1242 309 1302 tanquam
319 1238 436 1288 vilissimi
446 1239 545 1289 cetarii
578 1239 721 1304 Grangaeus
758 1234 827 1301 qrrod
847 1250 893 1285 vos
915 1235 1024 1285 dixerim
1048 1239 1148 1301 melles,
1169 1237 1219 1288 boc
1241 1246 1292 1301 est,

187 1328 251 1378 qnos
262 1314 308 1363 vili
318 1320 364 1365 sut
374 1315 454 1364 nihilo
465 1315 515 1367 sibi
525 1322 721 1381 comparaverat
753 1312 906 1377 juvenculas
917 1320 945 1363 et
956 1313 1060 1378 quidem
1071 1321 1166 1376 castas,
1178 1328 1254 1379 puras
1265 1320 1293 1364 et

191 1390 403 1454 aplscatoribus,
422 1392 467 1457 qui
486 1407 534 1457 per
549 1394 616 1442 viem
633 1394 721 1457 aliquo
757 1391 887 1441 intactas:
916 1407 976 1457 quae
998 1399 1087 1442 tamen
1107 1407 1160 1442 non
1181 1392 1293 1456 potestis

185 1481 258 1530 essu,
278 1475 324 1518 aut
342 1469 393 1518 alia
411 1469 498 1535 aliqua
519 1470 619 1520 ratione
638 1469 720 1534 trege·
757 1483 808 1518 non
830 1483 887 1519 esse
916 1470 1022 1532 vetulae,
1049 1469 1082 1519 ab
1110 1468 1293 1534 antiquissimis

185 1552 256 1595 rant.
290 1545 434 1597 Farnobiur
448 1546 720 1611 putatefrsctcvase
758 1547 895 1612 poitarum
908 1563 988 1613 usque
1002 1548 1136 1598 invocata.
1153 1547 1293 1599 Fumo-

184 1623 228 1672 vel
240 1621 326 1673 aliena
337 1638 424 1674 merce
435 1628 577 1688 surreptor.
610 1624 663 1676 Qui
673 1625 720 1674 Fo-
757 1625 850 1689 Prosit,
867 1627 919 1691 tra]
933 1626 1015 1677 Juvat
1033 1638 1076 1674 me
1092 1630 1120 1674 et
1136 1623 1170 1675 ad
1188 1623 1292 1674 landem

184 1699 225 1748 rin
235 1705 400 1764 praeponunt,
410 1700 502 1764 procul
513 1700 593 1750 dubio
605 1701 721 1750 Phariam
757 1714 874 1752 vestram
893 1700 1014 1767 sufficiat,
1031 1717 1077 1752 vos
1097 1702 1198 1766 puellas
1217 1715 1234 1750 a
1249 1714 1292 1752 ma

184 1776 287 1839 volunt,
305 1776 338 1827 ab
349 1778 433 1827 inania
444 1777 537 1827 Pieres
546 1778 651 1841 dictam,
661 1782 719 1843 qnae
757 1793 814 1827 esse
825 1778 971 1829 nominatas
980 1785 1007 1828 et
1018 1778 1160 1828 invocatae.
1171 1777 1293 1828 lubia.-

153 1876 158 1887 ·
184 1851 245 1902 clim
257 1852 313 1903 Nili
323 1854 390 1904 nstin
402 1854 536 1925 Canopico
547 1855 650 1919 objecta
660 1855 718 1907 fuit.
760 1854 912 1918 Prusiade]
929 1854 1064 1920 Virgilius:
1084 1855 1093 1883 ‘
1105 1851 1292 1918 prositnustris

189 1929 320 1994 -Fracto]
337 1930 438 1980 Probat
449 1945 552 1997 qnoque
563 1932 719 1995 Gronovius,
756 1931 784 1980 in
795 1931 926 1981 montibus
937 1929 1027 1980 ortas!
1044 1929 1076 1978 Id
1087 1937 1136 1994 est,
1143 1929 1176 1979 ad
1188 1929 1292 1979 landem

184 2013 214 2057 et
235 2006 377 2071 significari
400 2016 485 2073 putat,
511 2009 584 2083 libum
605 2010 719 2059 vendere
755 2016 870 2059 vestram
881 2006 993 2058 sufficiat
1009 2022 1055 2057 vos
1069 2007 1167 2071 puellas
1177 2006 1291 2057 nomina·

183 2084 277 2137 siluros
299 2087 436 2136 cbartaccn
457 2086 560 2137 cucullo
580 2085 718 2148 involutos,
756 2090 806 2135 tas.
827 2085 881 2135 Vct.
894 2083 950 2134 seu

184 2160 431 2227 qaiiaeritruptns.
464 2162 562 2211 Verum
573 2161 718 2212 mibivide-
788 2166 820 2211 nr
839 2160 969 2224 Carnium]
994 2163 1187 2226 Tanquamrem
1196 2172 1292 2211 memo·

184 2245 229 2288 tar
243 2238 274 2288 rie
290 2253 336 2288 sno
353 2239 413 2289 loen
429 2238 567 2301 excidisse,
587 2244 615 2287 et
631 2239 719 2302 legen·
755 2238 863 2289 rabilem
884 2243 1045 2301 narraturus,
1077 2239 1160 2302 primo
1186 2244 1289 2301 tempus

183 2315 327 2381 dnmpucta
336 2319 442 2367 mede
450 2316 547 2368 duros.
580 2315 718 2367 Mercedu·
756 2330 807 2380 quo
821 2314 1044 2379 gestaritprolixe
1053 2314 1190 2377 describit,
1200 2321 1228 2365 et
1239 2315 1291 2365 iris·

184 2394 237 2442 lam
247 2393 297 2443 albi
307 2393 410 2458 pepigit
420 2408 469 2457 pro
476 2406 567 2456 opera,
575 2407 652 2457 quam
663 2392 718 2441 aliis
757 2394 850 2444 toriam
865 2392 959 2443 recitat
980 2407 1013 2442 ex
1025 2393 1131 2443 rhombo
1156 2392 1227 2457 pisce
1254 2393 1292 2443 in·

182 2471 297 2521 navabat
314 2470 341 2520 in
358 2470 500 2521 vendendis
515 2470 609 2520 siluris.
635 2469 717 2518 Gran.
756 2470 828 2534 genti
837 2475 924 2533 capta.
956 2467 1050 2519 iactat
1067 2470 1213 2519 autemlroc
1230 2483 1290 2520 con·

184 2548 308 2598 -Frncta
317 2548 358 2613 de]
383 2547 476 2611 idest,
489 2548 583 2612 fracto,
592 2561 653 2597 vase
664 2562 719 2597 sar-
756 2549 851 2600 vicium
858 2548 884 2596 in
895 2547 1008 2596 Flavium
1016 2547 1204 2610 Domitianum,
1212 2561 1290 2613 quem

184 2624 404 2690 darnmejnsdem
416 2626 566 2690 municipii:
583 2626 652 2676 unde
663 2626 719 2690 ipse
756 2627 858 2675 calvum
877 2624 1010 2674 Neronem
1031 2630 1117 2688 vocat,
1135 2625 1205 2690 quod
1222 2630 1291 2675 teste

184 2700 331 2766 Egyptian
371 2702 451 2752 Siluri
472 2717 532 2751 nam
556 2702 639 2765 pisces
658 2709 719 2753 snut
755 2700 904 2766 'l'rauquillo
915 2700 1003 2750 calvus
1016 2700 1061 2750 ille
1071 2700 1159 2766 inerit,
1167 2709 1194 2768 et
1207 2703 1291 2753 Nero·

185 2779 360 2841 Alexandria,
368 2780 439 2829 nude
449 2778 500 2830 fnit
511 2779 654 2844 Crispinus,
664 2780 719 2830 nnl-
755 2780 796 2830 nis
805 2779 921 2843 vestigiis
934 2779 1091 2830 crudelitate
1107 2787 1135 2831 et
1152 2780 1291 2846 tyrannide

184 2854 233 2904 iius
254 2856 344 2919 pretii,
363 2871 427 2922 quos
449 2857 540 2921 inopes
559 2857 584 2906 in
603 2856 718 2923 AEgypto
756 2857 838 2923 probe
848 2856 984 2907 institerit.
1016 2857 1120 2907 Ultimus
1128 2858 1233 2908 Flavius
1246 2872 1291 2922 ap·

183 2931 329 2983 venditant.
349 2932 464 2985 Vet.Sclr.
756 2934 871 2999 pelletur
881 2933 930 2982 hoc
946 2933 1015 2994 loco,
1031 2935 1101 3000 quod
1112 2935 1138 2983 in
1155 2950 1188 2985 eo
1206 2935 1292 2985 Flavi·

217 3012 250 3059 u
265 3009 347 3072 Incipe
359 3009 475 3073 Calliope]
505 3009 587 3063 Quasi
597 3009 631 3059 ad
641 3009 718 3074 piscis
754 3022 828 3057 orum
839 3009 946 3073 familia,
956 3010 1123 3060 etCaesarum
1139 3011 1212 3076 origo
1221 3010 1292 3061 defe-

184 3085 387 3149 magnitudinem
410 3087 603 3151 exprimendam
630 3087 716 3138 divino
755 3085 1198 3154 mundericum—Semianimum]
1217 3088 1290 3138 Mala

184 3164 319 3213 Musarum
328 3163 424 3213 auxilio
434 3178 499 3228 opus
507 3164 550 3214 sit
560 3163 649 3214 Labie.
666 3167 717 3215 Va·
756 3169 784 3212 et
793 3163 886 3212 misere
902 3160 1038 3224 afflictum,
1049 3163 1291 3214 semivivum-La·

184 3240 275 3290 nitatis
285 3240 373 3304 arguit
381 3254 470 3289 omnes
488 3239 594 3303 Polites,
609 3240 654 3305 qni
663 3257 718 3291 car·
754 3240 858 3304 erraret]
869 3239 973 3290 Miseria
989 3238 1073 3289 modia
1083 3239 1220 3304 affligeret,
1230 3254 1290 3291 cru-

183 3315 281 3365 minum
292 3330 395 3365 suornm
405 3316 520 3366 exordiis
537 3317 627 3367 Musas
646 3318 717 3368 inre·
755 3320 864 3370 delitate
876 3325 905 3368 et
917 3317 1056 3382 tyrannide
1068 3317 1220 3368 lancinaret.
1238 3310 1289 3368 Ira·
1337 3356 1342 3364 .

185 3399 256 3457 cant,
269 3407 364 3458 easque
382 3407 478 3443 cauere
493 3394 599 3458 jubent.
633 3397 718 3459 Rigal-
755 3394 938 3458 bia-Orbem]
961 3395 1029 3444 Nam
1052 3410 1102 3446 nou
1123 3395 1200 3447 modo
1221 3395 1290 3446 urus

183 3469 368 3533 tias.—lscipe]
384 3469 416 3519 ld
435 3476 544 3535 cetego
554 3471 598 3521 hic
615 3486 718 3523 cursum
755 3473 802 3524 aed
811 3474 947 3523 universus
959 3472 1028 3521 orbis
1037 3487 1095 3522 enm
1106 3474 1198 3523 sensit.
1281 3502 1286 3507 ·

183 3546 312 3612 Satyricae
331 3560 405 3596 venae
423 3547 551 3597 sustinere
562 3563 650 3614 cogor,
667 3564 717 3600 nec
788 3556 820 3601 38
848 3552 921 3601 Coloe
943 3549 1048 3613 Neroni]
1072 3551 1116 3600 Sic
1141 3549 1288 3601 Arrsoninsr

184 3623 404 3689 ampliusaliquid
422 3623 510 3673 dicere
530 3639 643 3687 possum.
675 3628 717 3676 'l'u
755 3630 860 3681 ‘Quem
882 3628 949 3678 dixit
966 3630 1067 3679 calvum
1083 3628 1289 3678 suaRomaNe·

183 3702 346 3767 ergobtnas,
364 3700 579 3766 quiasequnntur
594 3715 636 3752 res
648 3716 717 3765 mag·
755 3706 867 3756 ronemss
897 3708 941 3757 lta
963 3708 1010 3771 ait,
1030 3707 1098 3756 Nam
1117 3719 1208 3755 omnes
1227 3703 1288 3753 mali

184 3796 226 3831 nre
245 3787 274 3831 et
289 3781 420 3831 mirabiles
431 3780 670 3847 memorabilesque,
682 3782 717 3831 iu·
754 3785 927 3848 imperatores
949 3786 1068 3836 Nerones
1096 3780 1232 3846 appellati,
1260 3785 1290 3833 et

183 3858 428 3923 cipe-Licetque]
444 3857 476 3906 ln
495 3857 535 3906 iris
552 3856 585 3908 ab
603 3857 717 3922 Impera·
754 3862 918 3912 Domitianus
926 3877 974 3926 per
985 3861 1070 3912 omnia
1083 3858 1182 3908 Neroni
1197 3856 1288 3906 similis

185 3945 242 3985 tore
259 3942 314 3986 tam
333 3936 458 3998 pretim
477 3934 558 3999 ςθῦῐίδ
577 3935 716 3986 immorari·
755 3939 807 3991 fnit
818 3941 867 3990 hcc
876 3934 1289 4002 unoabipsodistinctus,calvnt

184 4014 292 4064 Mallem
303 4026 365 4077 erge
375 4013 419 4064 uic
427 4015 516 4078 legere
524 4013 659 4078 musistsre,
669 4030 717 4078 pro
754 4017 824 4084 qnod
833 4023 911 4067 esset.
944 4016 1028 4067 Porro
1037 4015 1062 4063 iu
1070 4020 1173 4064 tantam
1183 4013 1289 4065 calvitio

183 4091 311 4153 uuidere,
320 4099 349 4142 et
359 4105 417 4155 pro,
434 4097 469 4154 et,
479 4091 525 4141 tie.
542 4091 609 4142 Lab.
642 4092 717 4143 Ami·
754 4110 802 4145 suo
821 4093 1012 4151 offendebatur,
1028 4096 1098 4141 teste
1112 4089 1247 4153 Suetonio,
1258 4095 1289 4139 ut

185 4171 303 4236 pupbora
323 4177 373 4233 est,
398 4177 506 4234 possent
532 4171 601 4220 enim
629 4171 717 4222 dicere
753 4172 835 4222 sicui
852 4170 970 4220 calvities
981 4169 1086 4233 objecta
1102 4165 1205 4228 fuisset,
1223 4165 1287 4217 iilud

185 4249 281 4306 Musae,
288 4247 406 4297 nolumus
414 4247 440 4296 in
448 4247 497 4296 irac
507 4261 535 4296 re
544 4245 607 4297 fieta
614 4253 717 4313 tempus
753 4248 780 4298 ia
791 4263 820 4299 ae
831 4247 929 4297 dictum
938 4244 1109 4307 existimaret,
1117 4250 1145 4292 et
1156 4240 1289 4293 dicentem

183 4331 308 4390 atterere,
317 4330 345 4380 et
356 4325 413 4390 ipse
428 4324 594 4390 respondeat,
607 4326 717 4390 potestis
752 4324 881 4376 acerrime
896 4322 1016 4389 puniret.
1047 4321 1160 4372 Turneb.
1175 4320 1221 4372 lib.
1234 4333 1288 4377 xrs·
