3084 4934
527 392 717 446 sarasan.
760 392 843 444 san.
867 382 927 443 ιν(
1214 362 1281 443 86?

173 547 290 607 partem
314 539 357 590 vel
378 539 401 589 si
414 537 498 588 'nobili
519 536 598 588 abaci
618 536 707 586 amica
745 535 898 601 plaudatum
909 551 1050 601 carnarum,
1066 535 1112 602 qui
1127 535 1234 602 scripsit
1244 535 1278 586 da

173 619 245 669 banc
265 618 364 681 piscem
383 616 498 669 muueris
518 616 577 665 laco
597 615 709 665 misit-
742 613 871 677 juscellis,
886 612 937 664 fuit
949 615 1016 665 enim
1036 615 1184 679 exemplam
1202 614 1281 678 galas.

176 692 319 756 Consilium]
339 694 529 752 Commeatum,
545 699 573 740 et
584 690 708 740 callidum
750 693 804 743 Vct.
815 692 872 743 Sei.

172 768 472 834 inventum—Artiicis]
485 768 608 831 Crispini,
618 768 662 834 qui
674 768 711 816 ita
780 773 812 818 24
830 769 980 835 Succinctus]
1012 770 1285 833 Anicurtevestitns,

176 846 319 897 artificiose
332 846 395 895 alias
406 852 507 908 captet.
749 852 794 896 aut
806 847 963 897 seminudus.
992 848 1069 900 Quod
1080 863 1132 897 stau
1143 846 1209 896 iecit
1219 844 1284 909 Api·

209 930 241 975 lo
257 924 419 988 Pracipaam]
444 924 559 973 Primam
574 922 711 972 baeredita-
749 923 815 985 cius,
826 925 874 974 boc
885 922 1018 986 tufecisti,
1029 925 1142 988 pessime
1155 924 1285 987 Crispina,

177 1009 231 1053 tem
242 1004 270 1051 in
282 1002 375 1051 tabulis
388 1001 537 1051 testamenti
549 1001 652 1052 ceratis.
668 1001 712 1050 Sic
750 999 795 1065 qui
807 999 867 1048 olim
885 1015 974 1050 sersus
992 1015 1025 1049 ex
1043 1002 1157 1066 AEgypta
1177 1001 1225 1050 buc
1241 998 1285 1048 ada

176 1081 203 1131 ia
211 1079 468 1144 primasca-Orbi]
484 1079 507 1129 1.
519 1095 542 1129 e.
560 1079 657 1141 divitis,
669 1079 713 1144 qui
750 1082 841 1125 vectas
859 1092 897 1140 es,
914 1092 1015 1141 papyro
1031 1068 1286 1141 vestitus-Putria]

175 1158 232 1207 sine
254 1156 546 1219 liberis.-Praecipaam,
567 1154 621 1218 ira]
654 1154 713 1203 Pri-
750 1153 914 1218 AEgyptiaca.
929 1153 981 1205 fuit
996 1155 1065 1204 euim
1076 1154 1212 1218 Crispinus
1229 1167 1286 1202 ver·

177 1249 247 1285 mam
259 1235 285 1283 iu
305 1247 356 1298 qua
373 1233 483 1282 heredes
493 1232 577 1298 [primi
597 1230 713 1299 scriban-
750 1245 786 1278 na
802 1230 1052 1294 Canopi-Pappia]
1069 1231 1188 1294 Papyrua
1201 1229 1287 1278 nasci-

177 1319 230 1363 tur.
251 1312 304 1362 Vct.
315 1312 371 1361 Sala.
751 1320 795 1363 tur
806 1314 832 1362 ia
844 1312 1001 1376 palustribus
1017 1311 1125 1376 AEgypti
1143 1311 1218 1375 lacis,
1233 1310 1285 1360 illis

210 1393 244 1439 2⁰
262 1390 308 1438 Est
328 1388 392 1438 ratio
412 1387 526 1451 aliems]
554 1388 603 1437 Vel
624 1393 713 1451 potest
752 1389 901 1454 peculiaris,
912 1404 945 1438 ex
962 1404 1012 1454 qao
1029 1389 1133 1452 navigia
1144 1395 1247 1451 texunt,
1259 1394 1287 1437 et

179 1480 237 1516 esse
247 1465 297 1515 alia
314 1465 398 1514 adbuc
409 1479 500 1514 caussa
511 1472 539 1513 et
549 1465 650 1528 melior,
668 1478 715 1513 cur
752 1481 767 1516 e
788 1467 854 1516 libra
865 1468 923 1516 vela
943 1473 1107 1532 tegetesque,
1117 1482 1166 1516 uec
1179 1480 1238 1515 nau
1258 1471 1287 1515 et

178 1549 255 1592 tanto
266 1543 350 1605 pretia
362 1543 468 1592 mullum
485 1542 578 1592 emisse
590 1543 714 1606 patuerit.
752 1549 849 1605 vestes,
860 1545 986 1607 stragula,
1007 1542 1091 1594 funes.
1111 1543 1203 1592 Plinias
1213 1543 1232 1590 l.
1245 1555 1286 1591 rx.

178 1619 325 1682 —Mngasae]
340 1619 486 1668 Praediviti.
752 1622 925 1672 -Suceinc'ias
941 1621 1035 1686 putria]
1061 1622 1140 1672 Biblo
1163 1621 1287 1671 Nilotica.

212 1700 244 1745 21
259 1696 319 1750 Quae
329 1696 492 1760 sabianae]
505 1697 637 1746 Lecticam
646 1698 715 1747 clau·
754 1700 816 1749 Fuit
827 1714 884 1749 nam
897 1700 1035 1764 AEgyptius
1047 1699 1249 1756 Alexandrinas,
1261 1697 1288 1746 in

179 1787 236 1824 sam
245 1779 273 1823 et
284 1778 432 1835 coopertam
445 1773 519 1835 dicit,
527 1773 601 1837 cujus
612 1772 715 1823 lecticae
754 1792 806 1841 qua
817 1778 950 1840 Papyrnm
960 1777 1076 1827 nascitur
1087 1777 1113 1825 in
1126 1776 1197 1826 Nilo.
1213 1775 1288 1825 Sicut

179 1849 305 1901 fenestrae
317 1849 358 1899 sel
367 1856 469 1899 antrum
481 1851 596 1899 clausam
608 1855 648 1898 est
658 1850 716 1898 latis
754 1854 811 1902 vsrlt
833 1853 978 1916 luvenalis,
996 1852 1130 1917 Crispinus
1153 1853 1289 1915 cartapala

181 1927 313 1991 lapidibus
335 1925 521 1991 specularibus.
564 1927 613 1974 Est
629 1933 716 1975 autem
753 1928 814 1979 fnit.
835 1929 956 1987 Vct.Scb‚

181 2003 249 2067 lapis
261 2003 403 2066 specularis
415 2003 559 2067 pellucidus
578 2003 605 2051 iu
622 2005 718 2053 tenuis·
788 2009 819 2054 25
832 2006 886 2055 Hoc
894 2006 972 2068 pretio
982 2004 1094 2068 manac]
1105 2004 1148 2053 Se.
1158 2007 1288 2053 emuntur.

182 2080 261 2129 simas
272 2080 393 2130 bracteas
412 2081 521 2144 sectilis,
540 2095 591 2145 qua
608 2081 718 2130 uteban-
755 2071 869 2136 Quidam
888 2082 992 2148 pretium
1011 2084 1109 2145 legunt.
1145 2081 1289 2129 Tantamne

184 2166 229 2208 tur
247 2161 305 2210 loca
323 2160 496 2211 fenestrarum
517 2160 670 2209 nobiliores:
687 2166 719 2210 ut
755 2160 834 2225 piscis
844 2159 972 2224 squamosi
983 2157 1098 2222 pretium
1108 2155 1172 2205 fnit?
1198 2154 1291 2205 Admi-

183 2250 231 2287 nos
251 2236 371 2286 fenestris
390 2238 478 2287 vitreis
500 2238 606 2300 utimur,
625 2238 719 2287 admit·
756 2238 887 2287 rabaudus
906 2238 956 2288 hac
975 2234 1291 2298 dicit.-Potssitsartasse]

184 2312 273 2362 tendae
293 2313 345 2362 luci
364 2320 392 2363 et
414 2313 578 2363 excltrdenda
599 2320 720 2363 venta-
756 2314 836 2363 Multi
847 2320 921 2363 certe
940 2313 1008 2363 servi
1025 2312 1131 2361 minaris
1147 2310 1210 2360 emti
1222 2303 1292 2360 sant'.

183 2387 255 2437 Latis
276 2390 448 2454 spaslaribas]
464 2391 598 2440 Fanestris
615 2390 718 2440 lecticae
756 2388 936 2439 Lesbia—Hac
945 2388 1022 2452 pretio
1030 2385 1143 2452 masma]
1171 2386 1292 2448 Piscis,a

185 2466 312 2530 clapide
333 2469 471 2531 speculari.
515 2468 556 2517 lbi
582 2468 719 2532 interpres
757 2471 835 2531 parte
846 2471 937 2517 tatum.
957 2467 1012 2516 Vct.
1024 2465 1080 2516 Scis.

185 2545 330 2595 Bastemmn
355 2559 401 2596 seu
423 2546 571 2596 vehiculum
593 2546 719 2613 muliebre
789 2545 822 2590 26
838 2542 966 2592 Provincia
986 2543 1062 2605 tanti]
1095 2541 1128 2591 In
1150 2539 1289 2604 provinciis

185 2622 383 2686 iuterpretatur.
415 2623 469 2674 Sed
488 2624 607 2673 lecticam
623 2630 720 2673 tectam
757 2618 959 2680 attrahebam,
976 2631 1025 2681 pro
1043 2633 1089 2667 sex
1107 2616 1237 2666 sestertiis
1248 2615 1292 2666 uel

186 2699 311 2764 iutelligit
326 2700 472 2764 iuvenalis,
483 2716 541 2766 qnae
556 2701 594 2759 ab
612 2699 720 2750 bamini·
759 2700 816 2746 150.
838 2695 969 2746 saranatis
989 2693 1099 2744 Gallicis
1118 2706 1188 2743 emes
1208 2707 1293 2758 agras,

185 2774 234 2825 has
253 2783 382 2842 portatur,
400 2777 485 2827 farma
505 2777 567 2826 nibil
587 2778 721 2827 distensa
758 2772 805 2821 sed
827 2773 853 2821 in
879 2773 958 2822 Italia
980 2772 1060 2822 etiam
1081 2770 1194 2835 majores
1217 2778 1294 2834 agras

186 2853 324 2918 Bastarna,
334 2855 384 2903 uisi
397 2854 721 2919 quatenusbaecabnrda-
759 2850 930 2901 taurianas:
953 2849 1025 2915 quasi
1045 2848 1125 2909 dicat,
1147 2862 1200 2897 una
1219 2862 1293 2897 coena
1348 2852 1353 2861 “

188 2923 264 3002 uibus
275 2945 322 2982 seu
332 2933 465 2993 rnalabas3
482 2933 527 2982 illa
543 2947 606 2982 vera
625 2933 658 2982 ab
676 2934 722 2982 ba·
759 2937 843 2979 toturn
855 2944 944 2994 agrum
956 2929 1072 2980 devorat.
1106 2929 1180 2979 Nihil
1189 2943 1294 2993 corrup·

187 3011 299 3061 minibus
310 3012 474 3076 portabatur.
507 3011 610 3062 Mnus·
625 3013 652 3062 in
669 3013 721 3062 ΕΙ.
759 3006 811 3055 tius
824 3020 900 3071 quam
920 3019 978 3072 quae
998 3007 1031 3056 ad
1050 3007 1107 3056 baec
1127 3006 1294 3056 verberatas

188 3087 436 3152 lamprid-Antra]
452 3090 585 3155 Lecticam
597 3089 721 3152 mulieris,
760 3084 861 3148 Interp.
872 3083 960 3133 babet.
969 3083 1107 3148 legendum
1119 3083 1209 3146 Apulia
1216 3082 1295 3132 carias

187 3172 234 3215 aut
251 3166 339 3215 sellam
356 3167 471 3217 clausam
491 3167 565 3217 dicit·
582 3168 631 3218 Gr.
648 3167 722 3217 sard·
759 3177 831 3225 agros
846 3161 935 3223 caat,
947 3168 992 3210 aut
1006 3161 1106 3221 mperes
1119 3160 1195 3223 pisces
1205 3158 1294 3209 vesca.

189 3260 286 3306 στεγον.
309 3245 362 3295 Vct.
375 3246 430 3294 Scb.
599 3280 602 3283 .
761 3240 813 3289 Sed
824 3240 880 3290 brec
897 3239 960 3289 nihil
975 3239 1009 3288 sd
1024 3237 1159 3288 luvenalis
1170 3242 1294 3286 mentem.

222 3325 255 3371 22
273 3321 318 3371 Nil
328 3323 445 3387 talc,i·c.]
469 3324 623 3388 Respondet
635 3324 723 3387 abjec-
762 3318 831 3368 Nam
848 3317 870 3366 sl
888 3316 975 3382 pisces
985 3314 1169 3376 intelligamus,
1180 3311 1238 3377 quis
1250 3326 1295 3361 au·

190 3396 255 3447 tiani
270 3399 404 3461 negandos
422 3400 491 3464 quad
510 3401 612 3451 scilicet
627 3399 724 3464 Crispi·
762 3408 840 3458 quem
862 3392 888 3441 ln
912 3390 1008 3454 Apulia
1031 3389 1133 3451 fflssll⁰⁸a
1160 3387 1245 3452 Plell⁰
1267 3386 1313 3437 0²*

190 3489 336 3538 amneque
346 3475 419 3538 arbo,
428 3490 513 3541 neque
522 3477 611 3525 amieae
621 3475 724 3525 cuidam
761 3467 939 3531 magnitudine
965 3472 1132 3530 praestantes,
1157 3463 1297 3527 provenire

190 3552 258 3600 bunc
280 3551 386 3600 mullum
407 3553 509 3616 emerit,
529 3552 574 3602 sed
596 3552 651 3616 sibi,
670 3566 724 3601 suae
762 3544 891 3596 tradidit?
918 3558 1002 3608 nequae
1027 3542 1068 3591 bic
1092 3556 1176 3591 sermo
1198 3547 1239 3590 est
1261 3540 1296 3589 de

190 3628 301 3692 priuatae
310 3630 387 3691 gule.
404 3629 490 3678 labia
762 3622 835 3671 rualli
845 3620 1033 3685 magnitudine.
1050 3618 1186 3667 Praeterea
1194 3619 1215 3666 si
1223 3616 1297 3666 molli

224 3708 256 3753 23
266 3705 378 3768 Apicius]
395 3705 480 3755 llama
491 3704 671 3770 perditissimae
680 3719 725 3766 gu·
762 3701 790 3750 in
812 3699 907 3763 apuria
927 3697 1031 3762 majoris
1052 3694 1153 3745 venditi
1174 3693 1298 3757 inissent,

192 3781 225 3830 lae
236 3781 279 3830 illo
291 3788 418 3846 tempore,
435 3784 479 3848 qui
490 3783 557 3846 galea
568 3783 725 3845 exemplum,
763 3778 849 3841 potius
857 3776 968 3840 Crispini
977 3776 1065 3824 luxum
1074 3776 1297 3835 excusaretquarn

193 3859 227 3910 de
239 3862 355 3924 paranda
365 3876 438 3911 ooena
454 3860 542 3924 libros,
558 3860 591 3909 de
607 3860 726 3922 juscellis
763 3853 952 3918 perstringeret
969 3851 1063 3901 Poeta.
1096 3849 1123 3898 Sl
1139 3846 1226 3898 euiem
1245 3862 1297 3897 ma·

194 3946 224 3990 et
234 3940 386 3990 condiendi.
397 3939 463 3989 cibis
481 3938 594 4001 geripgit‚
627 3937 726 4001 Ampli.
759 3930 825 3994 jorls
844 3943 919 3993 agi‘OS
938 3928 965 3976 in
976 3926 1073 3989 Apulia
1090 3924 1209 3974 venditos
1222 3924 1299 3973 intel&

193 4015 257 4068 licat
278 4031 341 4079 ergo
362 4017 492 4066 luxuriam
511 4015 726 4081 Crispia13quod
763 4010 884 4072 ligamus,
905 4012 961 4056 tota
981 4002 1111 4054 sententia
1136 4003 1219 4066 perit3
1246 4016 1298 4053 nan

196 4093 305 4159 Apicius
321 4093 366 4142 illc
384 4093 419 4142 sd
439 4093 585 4156 Crispinum
606 4094 726 4155 calistus,
765 4086 832 4134 enim
843 4083 993 4148 predamet
1004 4079 1162 4144 magnitudo
1177 4093 1298 4143 agrorum

195 4185 296 4237 pauper
310 4170 351 4231 ‚sit
372 4184 404 4219 ac
425 4168 504 4233 frugi,
523 4169 673 4219 moderatus
696 4183 727 4218 aa
765 4161 921 4226 exagitatur,
943 4157 988 4237 sed
1009 4157 1065 4220 agri
1089 4155 1175 4219 pretio
1199 4155 1298 4217 piscem

196 4259 352 4314 temperans.
368 4247 439 4297 Pliu.
448 4248 467 4298 l.
475 4261 509 4297 rr.
520 4262 565 4311 ep.
573 4253 598 4297 a.
615 4248 674 4296 Seu.
685 4260 728 4308 ep.
765 4238 979 4301 venditamjasta
989 4234 1133 4298 indignatio
1141 4238 1191 4283 est.
1209 4234 1298 4285 Quare

194 4333 237 4393 aa.
262 4324 493 4390 usa-spicae]
518 4323 620 4378 Auctor
638 4322 729 4390 praci-
752 4316 918 4384 ,Apsarus
935 4328 987 4365 aaa
1005 4319 1046 4363 est
1064 4310 1176 4377 regionis
1193 4322 1298 4376 nomer,
