3084 4934
231 340 296 412 tro
583 361 619 407 n.
640 354 745 407 anun
768 353 981 405 aurnuinrs

230 504 357 582 Gallia,
372 506 426 570 vel
440 505 555 589 potius
568 504 733 568 nutricula
748 503 992 567 causidicorum
1030 490 1033 497 ¹

232 605 360 685 Africa,
376 609 404 671 si
418 608 543 691 placuit
556 605 738 670 mercedem
754 625 875 688 ponere
887 606 1023 688 linguae.

278 709 477 774 Declamare
493 709 619 773 doceat
644 707 675 770 Ο
691 709 797 771 ferrea
809 715 946 789 pectora
960 705 1072 784 Vecti,
1274 705 1339 768 150

235 809 321 907 Cum
334 812 468 896 perimit
482 829 592 875 saevos
604 810 723 874 classis
736 828 915 873 numerosa
927 815 1094 893 tyrannos.

237 994 329 1056 Gallia,
340 999 382 1044 ant
393 993 470 1056 inagis
480 998 600 1043 oratorum
615 993 691 1043 altrix
705 993 803 1054 Africa,
815 995 840 1043 si
855 994 893 1044 uie
908 997 967 1043 due
982 995 1084 1058 pretium
1096 995 1193 1056 lingua.
1229 995 1252 1042 0
1265 992 1340 1053 Verri,

236 1058 512 1122 corserrenm,r'mtttais
522 1059 555 1108 ad
566 1060 633 1108 bene
639 1060 847 1127 menmium,
857 1063 949 1127 quaudo
955 1063 1032 1109 schola
1042 1061 1134 1124 copiosa
1144 1062 1209 1109 diros
1219 1059 1341 1123 Tyrannus

237 1308 321 1359 lm.
332 1308 373 1356 27.
383 1309 467 1356 ta-so.
477 1310 561 1355 54-69.
573 1309 655 1357 71-74.
681 1304 733 1354 Sed
742 1320 828 1368 ponere
837 1304 936 1368 premia
947 1304 1025 1353 docte
1037 1303 1142 1365 dicitur,
1154 1309 1184 1351 ut
1195 1301 1243 1352 Gr.
1253 1300 1340 1354 τιθέναι

237 1369 321 1432 kere,
333 1386 380 1434 pro
395 1385 547 1434 proponere,
564 1378 688 1431 statuere,
708 1371 960 1419 constituere-150
981 1369 1047 1419 Vecti
1059 1372 1142 1418 lat-25.
1154 1373 1193 1416 27.
1204 1371 1287 1415 tono.
1299 1372 1343 1416 55·

236 1440 277 1489 58.
288 1442 329 1486 (it).
340 1440 381 1485 61.
390 1440 431 1486 63.
442 1441 483 1485 64.
493 1441 533 1487 65.
545 1440 627 1484 67-69.
638 1440 721 1485 7174.
742 1442 772 1484 ut
792 1436 818 1483 in
838 1435 942 1499 optimis
956 1435 1027 1483 libris
1040 1434 1108 1482 Ptin.
1120 1446 1199 1481 xxix.
1212 1437 1234 1480 l.
1270 1432 1340 1481 Hine

239 1500 316 1550 Vetti
325 1502 483 1563 scripsimus,
494 1509 524 1550 ut
533 1501 661 1550 secundus
673 1499 705 1550 sit
717 1515 802 1561 casus,
810 1515 860 1549 non
874 1501 989 1561 quintus.
1016 1499 1090 1548 Vectir'
1101 1502 1142 1551 62.
1154 1503 1195 1547 65.
1224 1497 1288 1546 Victi
1300 1501 1341 1548 59.

242 1565 308 1615 Vetti
327 1567 368 1614 vel
388 1565 462 1615 Vetti
471 1566 496 1614 in
509 1566 623 1630 reliquis,
640 1566 719 1621 etiarn
730 1565 842 1614 Hermio.
876 1565 909 1613 Iu
921 1565 1184 1627 omnibus,quotquot
1195 1562 1256 1620 vidi,
1266 1561 1342 1610 libris

238 1628 276 1679 itu
292 1630 476 1694 distinguitur:
503 1633 644 1681 Declamare
660 1632 736 1691 dacer,
755 1629 865 1687 cserreu
882 1635 978 1694 pectora
1000 1629 1078 1690 Ver-tt,
1098 1629 1159 1676 Cum
1175 1636 1230 1675 cet.
1254 1627 1293 1674 vel
1305 1627 1341 1676 D.

237 1694 366 1758 decenos.
377 1711 401 1759 p.
417 1695 505 1754 an
519 1698 583 1746 cum
602 1701 655 1744 cet.
689 1695 739 1745 Sed
752 1694 840 1756 paim,
856 1695 883 1742 ni
899 1693 984 1755 fallor,
1003 1693 1094 1742 eodem
1115 1692 1237 1749 arationis
1254 1692 1342 1742 colore

237 1758 358 1820 deusest,
368 1775 484 1824 quorup.
497 1774 535 1809 rs.
545 1764 601 1810 lau.
622 1760 729 1810 Fidimus
740 1759 847 1824 emenia?
866 1759 975 1808 Ciceroni
985 1774 1051 1808 acmo
1062 1766 1114 1807 cet.
1150 1758 1192 1805 Itu
1209 1762 1237 1804 et
1253 1756 1344 1820 exqui-

239 1825 313 1881 sitior
325 1825 486 1889 vividiorque
498 1832 537 1874 est
550 1825 638 1886 dictio,
656 1831 684 1874 et
703 1824 795 1874 melius
815 1824 955 1885 cohaerent,
967 1840 1024 1888 qnae
1037 1829 1188 1888 sequuntur.
1224 1821 1273 1869 Rei
1285 1835 1342 1882 gru·

239 1890 348 1938 vitutem
363 1896 390 1939 et
408 1890 596 1953 permotionem
616 1890 695 1939 animi
712 1890 846 1939 declarant
857 1889 1026 1951 iuterrogatio
1046 1896 1074 1937 et
1092 1887 1225 1950 responsio
1244 1884 1345 1947 additu,

236 1969 320 2018 eaque
332 1956 519 2004 exclamatione
527 1968 659 2018 expressa.
693 1955 832 2004 Declamare
843 1952 929 2004 doces?
952 1955 1052 2002 Rhetor
1060 1952 1106 2001 es?
1122 1952 1164 2001 vel
1176 1953 1303 1999 rlretorem
1316 1957 1345 1999 te

238 2033 300 2069 esse
309 2020 439 2087 profiteris
448 2027 492 2070 aut
504 2020 639 2085 gloriaris?
668 2018 780 2081 Ofcrrea
791 2020 844 2068 sint
854 2033 960 2068 necesse
971 2025 1012 2068 est
1019 2022 1116 2082 pectora
1131 2017 1217 2079 Vertit,
1230 2031 1282 2064 cum
1294 2020 1346 2067 cet.

241 2254 447 2305 diicat-utorium
460 2254 628 2307 fucultatem:
653 2270 713 2304 nam
725 2257 775 2305 Ro·
816 2255 919 2304 demum
930 2256 1050 2306 exercuit
1060 2255 1129 2317 eum)
1145 2255 1276 2319 princeps,
1285 2252 1348 2301 alia·

242 2347 292 2383 rure
312 2345 363 2382 non
381 2331 504 2382 facundia
526 2340 579 2381 tum
598 2338 734 2396 spectatur
749 2332 776 2380 in
816 2333 860 2397 qui
872 2334 942 2382 inter
950 2348 1046 2396 pancos
1056 2332 1187 2392 disertus,'
1203 2336 1250 2380 &c

243 2408 383 2468 causidico,
395 2424 471 2474 quarn
482 2408 564 2458 fastus
576 2416 603 2459 et
615 2423 710 2473 pompa
721 2422 777 2458 ves·
849 2413 897 2458 149
912 2409 1010 2475 Africa]
1037 2411 1103 2460 llaec
1124 2410 1244 2459 Ronmnis
1261 2407 1349 2471 ampla

241 2486 307 2535 tium
319 2493 398 2550 atque
409 2486 558 2536 comitatus.
818 2499 892 2549 seges
910 2493 938 2535 et
957 2488 1065 2537 terroris
1082 2495 1110 2537 et
1130 2488 1229 2549 gloriae,
1255 2485 1348 2534 veleb

276 2568 325 2613 lte
354 2564 448 2628 Gallia]
481 2565 592 2627 Europae
620 2563 777 2613 nobilissima
818 2577 895 2610 unam
908 2563 1100 2629 Carthaginem,
1122 2577 1250 2627 unumque
1269 2559 1351 2610 liuni-

239 2641 339 2703 portio,
357 2638 458 2703 Rheno,
481 2641 596 2703 Oceano,
608 2639 730 2704 Alpibus,
747 2654 777 2688 ac
818 2639 913 2688 belem.
944 2640 1127 2689 Nobisuntem
1138 2636 1350 2693 christianismi-

245 2715 485 2787 Pprenaisclausa.
519 2717 641 2766 Romanis
656 2716 778 2779 primurn,
819 2715 852 2764 de
871 2715 1053 2778 memorabilis,
1069 2715 1138 2780 quod
1158 2721 1199 2764 tot
1225 2713 1351 2776 praeclara

245 2791 340 2861 deinde
359 2794 466 2842 Francis
485 2793 593 2844 domitu.
626 2796 669 2844 De
682 2794 779 2843 hacsa·
819 2790 962 2855 Religionis
980 2797 1076 2840 nostrae
1100 2789 1197 2840 lumina
1222 2788 1352 2852 genuerit,

239 2868 296 2919 ‘tius
317 2869 367 2919 erit
389 2885 439 2918 nou
461 2871 543 2934 plura,
565 2886 643 2936 (lnam
664 2886 714 2920 non
738 2879 779 2920 sat
817 2869 1013 2933 Tertullianum,
1039 2870 1208 2934 cyprianum,
1227 2866 1352 2932 Augusti-

245 2959 339 3009 rnagua
350 2945 445 2997 dicere.
478 2944 515 2996 At
524 2947 592 3010 quod
602 2946 668 2997 facit
679 2947 711 2996 ad
723 2962 790 2997 renr
817 2963 889 3010 num,
899 2953 949 3000 dec.

246 3023 451 3084 presentatum
470 3037 511 3084 ea,
529 3023 649 3088 Lugduni
668 3023 779 3085 scilicet,
851 3027 985 3075 Mercedem
1008 3040 1094 3089 parere
1121 3023 1220 3086 lingua]
1256 3022 1284 3072 Si
1311 3021 1350 3071 ris

245 3094 374 3148 facundiae
385 3105 525 3162 certamen,
544 3100 577 3149 de
590 3115 644 3164 ’quo
655 3100 712 3148 vide
723 3099 779 3150 Sat.
819 3102 943 3151 aestimari
961 3101 994 3150 ob
1013 3101 1198 3166 eloquentiam,
1221 3106 1248 3147 et
1268 3112 1300 3147 ex
1320 3111 1351 3150 eu

245 3187 265 3223 ι.
279 3190 316 3225 vs.
327 3180 368 3225 44.
402 3176 479 3225 Unde
499 3183 527 3226 et
544 3174 681 3226 facundam
702 3182 780 3229 vocat
820 3184 946 3241 quaestum
959 3177 1054 3226 facere.

247 3251 300 3300 Sat
319 3265 367 3302 xv.
388 3258 444 3303 111.
483 3253 646 3318 Optimorum
666 3255 780 3317 iugenio·
853 3257 900 3313 150
917 3253 1055 3302 Declamare
1069 3252 1208 3315 ducenta]
1239 3251 1298 3302 Jarn
1318 3246 1353 3297 ad

247 3341 304 3377 turn
322 3326 438 3378 feracem
460 3330 562 3393 ignorat
583 3345 673 3378 nemo:
700 3329 780 3379 etiam
820 3329 948 3378 Rhetores
965 3328 1069 3389 transit,
1094 3328 1271 3392 expenditque
1290 3340 1352 3374 nurn

239 3409 363 3452 ¹oratores
386 3403 498 3466 insignes
519 3405 640 3453 habuisse
665 3400 780 3453 dicemus
821 3404 899 3468 digna
920 3419 1020 3453 merces
1042 3405 1072 3452 iis
1094 3405 1180 3465 detur,
1201 3417 1231 3452 uc
1253 3401 1353 3466 magnit

248 3477 318 3536 alibi,
337 3485 365 3527 et
385 3480 459 3528 testis
472 3481 582 3532 Quintil.
601 3482 658 3530 loco
676 3496 736 3531 mox
747 3481 781 3530 ei·
821 3496 909 3530 eornm
921 3482 1050 3530 laboribus
1062 3481 1180 3545 aeqrralis.

248 3555 337 3604 tando.
855 3558 943 3607 Ferrea
956 3557 1067 3620 pectora]
1095 3556 1200 3619 Quippe
1222 3571 1279 3620 quae
1300 3570 1354 3605 rno-

281 3632 410 3682 Nutricula
428 3633 611 3696 cunmde'ccrum]
643 3634 693 3682 Seu
712 3633 780 3698 quod
822 3636 913 3683 lestaur
922 3635 1058 3684 admodum
1068 3648 1205 3697 puerorum
1214 3631 1354 3682 institutio·

240 3709 561 3774 {litigiosaeuegionelillae
575 3711 662 3760 Gallia
673 3717 702 3760 et
714 3709 782 3758 afri-
822 3726 881 3760 nem
901 3712 1044 3774 suscipiant
1064 3719 1091 3760 et
1110 3717 1272 3775 ererpruntur
1297 3708 1354 3758 sine

249 3799 290 3847 eu,
306 3798 351 3835 sen
371 3787 438 3850 qnod
459 3786 566 3835 eximios
587 3794 702 3835 oratores
718 3788 782 3835 tute·
822 3787 875 3835 ullc
887 3786 943 3835 fere
954 3788 1034 3836 lucro.

243 3862 312 3911 rint.
345 3863 456 3914 Quintil.
471 3876 499 3911 x.
516 3867 538 3912 1.
557 3864 782 3927 praestantissimos
858 3863 935 3925 Vecti]
968 3864 1116 3912 Vecte'rrsseu
1131 3860 1354 3924 Vettiua,celebris

242 3938 287 3987 uit
305 3934 384 3986 fuisse
403 3937 456 3987 Jul.
476 3937 627 3987 Africanum
646 3947 673 3987 et
694 3940 783 3987 Domi·
824 3941 929 3989 Rhetor.
963 3941 1027 4002 EJns
1040 3940 1155 3988 meminit
1164 3940 1232 3988 Plin.
1241 3944 1355 3989 nrm.

249 4013 315 4063 tium
333 4012 432 4063 Afrum.
474 4013 511 4063 At
531 4016 573 4063 trio
599 4017 782 4064 Neurausensis
824 4016 928 4079 ponitur
947 4016 988 4064 hic
1006 4030 1053 4079 pro
1065 4016 1181 4084 quolibet
1192 4015 1356 4065 declamandi

250 4094 317 4154 erat,
335 4102 362 4138 et
387 4089 495 4140 florebat
520 4093 568 4140 sub
593 4094 707 4141 Nerone.
747 4095 783 4142 Et
822 4093 955 4156 magistro.

243 4179 308 4229 cup.
329 4171 351 4214 3.
369 4167 473 4217 ‘Julius
493 4168 600 4229 Florus,'
621 4169 714 4233 inquit,
734 4171 782 4218 ‘in
856 4173 902 4217 151
922 4170 983 4217 Cum
992 4169 1089 4232 perimit
1099 4183 1180 4233 soeuae,
1190 4168 1241 4231 irc]
1258 4169 1355 4232 Ingens

251 4241 401 4306 eloquentia
421 4244 563 4297 Galliarum
591 4244 727 4311 (quoniam
745 4240 783 4295 lbi
823 4257 943 4293 muruerus
961 4244 1146 4309 discipulorum
1169 4245 1265 4296 recitat
1284 4260 1357 4295 suam
