3084 4934
248 303 314 372 656
610 322 646 369 6.
667 321 772 375 suun
795 322 1008 374 ruvauarns

251 467 384 549 Poena3
407 465 467 532 sed
481 465 616 532 inferuis
629 466 752 534 hilares
766 469 837 534 sine
851 471 986 554 regibus
1001 472 1140 539 umbrae.

252 569 453 656 Improhitas
467 571 526 636 illo
538 569 602 634 fuit
615 569 822 636 admirabilis
838 592 924 639 aevo.

253 671 441 740 credebaut
452 674 518 739 hoo
532 674 655 757 grande
669 674 777 754 nefas,
790 680 824 740 et
836 679 941 742 morte
953 675 1128 760 piandum,

252 775 292 842 Si
301 777 435 861 juvenis
447 777 559 843 vetulo
572 797 639 842 uon
653 783 892 859 assurrexerat,
904 783 938 844 et
953 781 983 845 si
1052 831 1054 837 .

253 877 402 943 Barbato
416 879 612 964 cuicumque
626 901 720 964 puer,
733 881 814 947 licet
827 883 901 967 ipso
914 880 1044 950 videret

254 982 358 1049 Plura
371 981 462 1048 domi
473 982 579 1066 fraga,
594 989 628 1049 et
641 983 785 1070 maJores
798 986 926 1070 glandis
940 1002 1089 1052 acervos.

255 1181 356 1231 66116615
369 1181 524 1246 suppliciunt
548 1197 629 1233 oerum
648 1182 698 1233 leti
714 1183 801 1234 Manes
816 1184 902 1249 ubsque
921 1182 1041 1248 Tyrannio
1052 1181 1195 1244 lastrorum.
1230 1181 1268 1231 Eo
1278 1182 1375 1232 666616

254 1246 349 1297 malitie
365 1250 480 1311 stupenda
499 1252 560 1297 erut.
602 1249 667 1297 Illud
683 1250 798 1312 patebant
814 1250 898 1313 ingess
913 1250 1012 1311 crimen,
1027 1264 1056 1301 oo
1074 1263 1129 1298 rece
1140 1246 1365 1310 expurgandam

254 1313 385 1362 monem
394 1312 455 1375 aeni,
465 1329 493 1362 ur
501 1313 523 1362 si
527 1313 623 1374 jarenis
632 1314 708 1364 onium
715 1314 813 1363 barbato
823 1329 870 1364 666
880 1315 1055 1377 enarrexiaret,
1064 1312 1169 1376 61661615
1177 1313 1227 1376 r'pae
1236 1312 1263 1361 in
1272 1313 1366 1362 oedlbtla

251 1378 324 1440 plara
339 1382 446 1428 emeret
458 1377 545 1442 fruge,
556 1380 701 1443 5666155665
718 1380 843 1442 glandium
857 1380 990 1444 ampliores.
1022 1380 1090 1429 Adeo
1104 1377 1255 1428 peronnae
1264 1375 1365 1441 digrm

718 1517 895 1537 'novumn

257 1594 339 1647 Furiae
350 1603 391 1649 15.
412 1599 562 1650 66661176νί5
574 1605 615 1651 16.
641 1600 780 1650 6566116616
789 1602 895 1652 13.-52
911 1596 1010 1661 inferlm
1021 1599 1062 1649 16.
1079 1592 1170 1660 legibus
1180 1594 1286 1646 ah-tt
1302 1596 1366 1658 quod

255 1676 304 1726 pru
323 1664 366 1712 hoo
383 1667 423 1714 ta.
443 1669 483 1714 17.
501 1670 542 1715 19.
558 1670 599 1715 29.
618 1669 660 1717 21.
671 1671 713 1716 23.
725 1670 766 1716 24.
778 1670 819 1717 27.
830 1671 871 1717 45.
883 1671 925 1716 49.
942 1669 983 1715 54.
1001 1669 1043 1714 55.
1075 1676 1164 1726 qnoque
1175 1674 1222 1724 pro
1233 1661 1366 1733 16522.-

256 1731 287 1775 55
304 1729 463 1778 assurrexerit
482 1734 523 1780 21.
541 1734 583 1780 22.
601 1735 710 1780 24-56
725 1732 861 1795 meumque
872 1735 914 1781 21.
931 1744 947 1779 5
964 1745 998 1780 m.
1009 1743 1050 1794 pr.
1083 1729 1124 1777 ille
1133 1729 1240 1779 22.-57
1251 1724 1329 1789 fraga
1339 1729 1365 1777 1.

257 1794 349 1842 1516.
361 1797 403 1842 21.
423 1810 439 1842 a
458 1809 493 1843 m.
512 1810 552 1858 pr.
571 1799 612 1845 23.
624 1800 665 1847 24.
676 1799 717 1846 ta.
729 1801 770 1846 ⁵9.
783 1800 824 1846 79.
835 1801 876 1846 75.
888 1800 929 1846 76.
941 1799 983 1845 77.
1014 1791 1264 1847 amaltheam.
1290 1789 1367 1850 sarra

257 1860 343 1907 luta.
356 1862 395 1909 15.
407 1863 446 1909 16.
456 1864 497 1908 17.
507 1864 548 1910 19.
558 1865 600 1910 20.
611 1864 653 1911 21.
673 1874 690 1909 a
707 1876 743 1910 m.
755 1876 808 1911 sec.
819 1864 860 1911 22.
872 1864 913 1910 25.
925 1862 965 1909 26.
974 1856 1015 1911 27.
1023 1863 1063 1908 45.
1072 1861 1113 1908 46.
1124 1860 1165 1907 47.
1176 1859 1216 1905 49.
1227 1859 1269 1904 59.
1281 1857 1366 1905 stas.

256 1924 339 1971 6969.
349 1927 433 1973 7174.
445 1925 520 2038 prob.
531 1924 675 1987 Autumno,
685 1925 746 1989 qnia
756 1924 886 2003 {ragnum
895 1930 991 2002 noemae
1003 1922 1128 1973 custodiri
1139 1934 1192 1998 non
1203 1918 1302 1982 possit3
1318 1918 1367 1984 (1)

255 2000 308 2100 su
318 1984 1365 2121 666.66.,616666665666616666,6.

752 2150 868 2239 'Noun

255 2292 382 2355 ultricea3
398 2293 502 2359 Alecto,
509 2293 655 2364 Tisiphone,
662 2298 790 2364 Megaera,
829 2316 873 2350 ro:
890 2303 918 2350 at
930 2293 1045 2365 quamvis
1059 2297 1178 2348 veterum
1188 2290 1365 2345 Romanorum

256 2372 350 2422 Noeris
369 2378 398 2422 et
417 2371 572 2424 Acherontis
591 2375 669 2426 filiae:
698 2376 791 2443 quibus
830 2370 1008 2442 frugalitatem
1030 2374 1202 2437 commendet,
1225 2362 1296 2437 quod
1314 2368 1368 2420 fre·

257 2448 425 2499 conscientiae
436 2451 532 2500 stimuli
543 2452 727 2516 significantur.
831 2454 953 2519 quenlior
964 2453 1032 2518 apud
1043 2468 1087 2502 eos
1098 2450 1179 2516 pultis
1199 2464 1270 2512 usna,
1286 2460 1366 2513 quam

289 2526 343 2575 Ner
352 2525 455 2591 66666]
488 2528 609 2578 Necdum
619 2529 744 2593 Sisyphus
757 2529 790 2579 ob
831 2530 905 2594 panis
915 2529 1002 2591 fuerit,
1014 2535 1044 2580 nt
1064 2528 1101 2578 ait
1111 2529 1200 2578 Valer.
1212 2525 1322 2576 Maxim.
1334 2537 1367 2575 11.

255 2601 394 2653 latrocinia
405 2604 580 2670 plectebatur,
589 2599 717 2657 volvendo
728 2614 791 2656 saxo
831 2613 857 2658 5.
868 2614 896 2657 et
907 2622 953 2656 noa
964 2605 1026 2656 alibi
1038 2605 1182 2656 notavimus
1192 2620 1200 2665 ;
1211 2644 1214 2649 ⁴
1225 2607 1313 2652 tamen
1323 2599 1367 2650 hic

259 2677 387 2729 addictus·
830 2683 876 2733 ubi
894 2683 982 2734 saeculi
1000 2684 1072 2733 aurei
1092 2680 1190 2731 mentio
1201 2685 1252 2742 est,
1262 2677 1367 2728 videtur

290 2752 342 2805 Aut
356 2756 534 2822 1161161616]
558 2761 651 2825 Neque
663 2765 725 2810 tuuc
735 2761 792 2810 vul·
829 2759 912 2824 magis
931 2759 964 2809 ad
983 2773 1039 2809 rem
1056 2772 1116 2822 vox,
1130 2756 1216 2819 fruge,
1231 2750 1293 2819 quia
1303 2760 1366 2803 tuno

256 2830 384 2882 turJovis
402 2833 447 2882 ille
464 2834 583 2885 minister
598 2835 792 2900 depascebatur
831 2837 892 2886 solis
909 2836 1039 2886 fructibus
1057 2840 1136 2902 atque
1156 2832 1243 2883 herbis
1264 2829 1368 2880 victita-

252 2908 331 2973 jeaur
339 2915 384 2958 aut
394 2910 478 2975 Tityi,
489 2913 559 2976 qnod
571 2916 678 2964 Latonae
690 2914 742 2963 vim
754 2915 792 2963 in·
830 2913 904 2963 bant.

257 2983 328 3034 serre
340 2990 475 3052 tentasset,
486 2996 530 3038 aut
542 2990 702 3052 Promethei,
721 2991 792 3055 qrrod
865 2990 959 3054 fraga]
970 2989 1040 3039 Plin.
1053 2997 1113 3037 xxa.
1126 2982 1167 3036 15.
1178 2981 1290 3046 scribit‚‘
1298 2975 1368 3033 Her·

258 3061 344 3126 ignem
356 3064 427 3113 Coelo
440 3066 592 3130 subreptum
611 3070 637 3117 iu
654 3073 737 3118 terras
748 3067 792 3117 de·
832 3064 872 3115 hia
884 3072 977 3130 sponte
988 3060 1155 3115 nascentibus
1168 3075 1217 3125 pro
1236 3058 1295 3108 cibo
1307 3072 1368 3108 usas

257 3139 368 3190 tulisset.
832 3143 949 3207 gentium
966 3142 1112 3207 plerasque,
1131 3138 1241 3208 maxime
1250 3150 1313 3186 vero
1324 3136 1367 3186 AE·

290 3222 322 3267 52
339 3217 397 3267 Sine
409 3219 514 3281 Regibus
522 3220 638 3285 Inferna]
658 3221 718 3272 Sine
730 3219 792 3270 Plu·
833 3225 949 3284 gyptum,
977 3210 1080 3281 frugum
1108 3213 1214 3280 quidem
1241 3204 1370 3260 fertilissi-

257 3299 320 3343 tone
347 3294 431 3358 Rege,
457 3297 512 3346 siue
537 3298 676 3350 Judiclbus
703 3299 793 3362 AEauo,
832 3312 909 3359 mam,
929 3293 975 3344 sed
995 3298 1025 3343 ut
1047 3307 1130 3358 prope
1151 3290 1205 3339 sola
1226 3280 1256 3336 iis
1276 3301 1368 3337 carere

258 3369 464 3434 Rhadamantho,
475 3374 645 3437 Triptolemo.
832 3372 913 3438 possit
925 3389 931 3421 :
957 3376 1031 3421 tauta
1042 3375 1083 3418 est
1101 3368 1218 3417 ciborum
1234 3378 1267 3413 ex
1277 3362 1368 3419 herbis

290 3450 322 3495 57
350 3445 493 3509 improbitas
511 3446 553 3498 illo
570 3449 624 3510 snit
645 3450 794 3501 admirabilis
831 3442 1000 3498 abundantia.
1033 3446 1066 3495 In
1085 3444 1164 3495 ltalia
1183 3442 1287 3507 quidem
1305 3456 1368 3505 peu·

258 3522 319 3586 eno]
353 3524 474 3573 Mirabile
491 3524 552 3589 fuit,
571 3530 591 3576 si
610 3529 668 3594 quis
681 3545 711 3578 eo
728 3536 792 3577 tem·
833 3526 948 3576 cissimas
969 3520 1106 3587 novimus‚'
1134 3520 1227 3585 iuquit,
1254 3517 1263 3546 ‘
1275 3514 1369 3585 fraga}

258 3613 322 3662 pore
340 3598 473 3664 improbus
489 3602 657 3655 inveniretur.
691 3606 733 3655 lta
750 3621 793 3655 ve·
832 3605 881 3652 dac.

259 3676 399 3726 tusSehol.
489 3684 491 3689 ’
772 3680 778 3689 ’
867 3679 979 3743 claudis]
1013 3677 1083 3728 Pliu.
1101 3668 1237 3726 l.xvr.'iu
1252 3673 1368 3723 Prooem.

290 3759 322 3804 55
339 3753 554 3816 Sijuueoisoetulo
564 3756 792 3818 nonnssnrresernt]
833 3758 878 3820 ait,
895 3753 1081 3806 ‘Glandiferas
1093 3752 1197 3802 arbores
1214 3751 1298 3815 primo
1316 3748 1369 3800 vic·

257 3829 286 3880 Sl
295 3831 450 3881 adveniente
465 3835 565 3883 seniore
580 3834 669 3898 junior
687 3834 791 3883 honoris
833 3843 887 3884 tum
899 3834 991 3882 aluisse
999 3830 1146 3880 mortalium
1156 3824 1171 3878 :³
1187 3843 1245 3890 cap.
1257 3829 1281 3876 3.
1292 3827 1368 3892 ‘per-

257 3921 336 3958 causa
347 3923 398 3957 nou
411 3910 573 3959 surrexisset.
833 3912 939 3974 petrum
956 3907 988 3957 iis
1005 3907 1127 3955 honorem
1149 3904 1218 3968 apud
1238 3902 1368 3953 Romanos

291 3988 323 4034 57
349 3985 424 4034 Plura
444 3989 508 4035 domi
524 3987 612 4052 fungo]
644 3984 719 4036 Licet
735 3982 793 4049 ipse
833 3980 935 4035 fuisse?
952 3982 1368 4047 cap.5.‘0pesessenuncquo·

258 4059 328 4111 (lomi
340 4062 486 4124 opulentior
502 4062 580 4112 foret.
622 4063 690 4111 Nam
708 4062 793 4110 ((1161-
833 4078 884 4127 que
896 4061 1034 4111 multarum
1052 4062 1166 4124 gentium
1179 4053 1296 4121 glandes,
1306 4050 1368 4131 moll

260 4136 304 4187 tiae
315 4136 794 4203 16165316513156666665656561663
832 4138 859 4186 iu
871 4136 990 4198 farinam,
999 4151 1029 4186 ac
1039 4137 1066 4185 iu
1075 4135 1150 4199 panis
1160 4146 1233 4182 usum
1242 4130 1350 4195 spissari
1359 4145 1368 4180 ι

259 4211 342 4277 inquit
353 4218 425 4264 retus
435 4215 523 4267 Schol.
555 4216 659 4280 Legunt
671 4214 724 4279 alii,
736 4213 793 4276 far·
834 4212 896 4279 quin
915 4219 943 4263 et
959 4212 1088 4278 hodieque
1107 4224 1156 4277 per
1167 4207 1309 4274 Hispanias
1322 4207 1367 4259 ad·
