3084 4934
266 368 333 443 850
623 382 734 436 aorn
757 379 961 437 vauroeoir
984 384 1025 435 ru

265 530 400 598 petribur3
418 547 495 599 qnam
503 532 674 598 aliogrpriori
683 532 799 598 pondere
836 537 956 597 possunt,
977 531 1080 598 qualem
1100 517 1183 581 rixam
1202 534 1310 596 portes,
1329 529 1375 581 de'-

264 608 376 662 senaria
408 609 463 661 Alii
476 608 799 673 &sinduaprodeoraum
837 610 937 661 scribit.
965 609 1110 675 Responsio
1119 608 1246 661 Umbritii
1258 609 1372 660 ridetur.

265 684 799 748 sundera'l'nrneb.x.2l.Idcm.—Peluer]
836 687 925 737 Labie.
953 687 997 737 Sic
1006 688 1033 737 in
1045 688 1084 736 Sa.
1093 686 1194 737 literisr
1211 687 1372 737 ‘Noneninr

265 763 378 829 Proprie
389 771 449 814 sunt
460 779 518 814 vasa
526 764 558 813 ad
567 763 692 812 lavandos
704 763 798 826 pedes:
837 763 977 827 dormiunt,
997 762 1046 814 nisi
1066 776 1126 813 cnm
1150 762 1217 812 male
1240 761 1374 825 fecerint3

266 840 407 890 remmuie
420 856 466 904 pro
477 854 630 905 quocunque
642 854 711 889 rese.
740 838 801 888 Bri·
838 853 887 889 nec
899 840 1002 904 capitur
1020 851 1123 888 somnus
1141 837 1236 901 abeis,
1252 838 1374 904 nisisnp·

264 921 427 973 emm-Ur
438 923 555 988 sinistre]
566 924 605 974 Ut
615 930 731 973 stercore
744 935 801 985 per·
838 913 1032 980 plantaverint?
1059 914 1136 965 Unde
1146 914 1267 979 proverb.
1292 917 1301 944 ‘
1313 914 1373 965 Non

266 994 385 1050 fundaris
394 1000 491 1066 potius,
502 1016 579 1066 quam
592 1001 642 1050 alio
653 1000 725 1065 gravi
737 1012 801 1064 pon·
838 991 909 1057 capit
920 1007 1045 1055 somnum,
1055 991 1106 1042 uisi
1120 992 1170 1042 boc
1190 998 1237 1044 aut
1253 992 1320 1043 illud
1335 990 1373 1044 fo·

267 1074 331 1127 «lere
352 1074 594 1140 feriaris-Peloro]
622 1077 751 1138 Concbas,
773 1075 800 1124 in
838 1068 923 1119 cerie!
1302 1104 1304 1109 .

264 1150 359 1219 qqibur
370 1154 452 1217 pedes
473 1154 575 1217 lauant,
585 1160 616 1203 nt
628 1168 690 1203 rusa
699 1151 801 1215 fictilia,
869 1152 919 1198 282
935 1147 983 1198 Sed
992 1146 1111 1212 quamuis]
1127 1147 1218 1212 Idest,
1227 1148 1277 1198 etsi
1283 1148 1374 1213 junior

263 1226 413 1293 roidarrrpu.
434 1232 484 1281 Vei.
496 1230 551 1281 Scir.
837 1230 888 1288 est,
899 1232 927 1274 et
937 1224 971 1274 ob
982 1225 1169 1275 illamaetatem
1183 1225 1335 1290 improbior,
1345 1232 1374 1277 et

295 1309 344 1356 278
362 1306 464 1371 Ebrius]
493 1307 570 1358 Aliud
591 1305 801 1361 incommoduma
838 1303 1015 1367 petulantior:
1032 1308 1061 1353 et
1071 1305 1136 1354 licet
1144 1304 1223 1355 etiam
1235 1304 1323 1354 ebrius
1331 1304 1373 1364 sit,

264 1381 416 1433 discurrunt
436 1386 584 1447 petulantes
600 1390 629 1434 et
639 1383 715 1445 ebrii,
724 1381 800 1432 lasci·
838 1385 866 1428 et
876 1378 934 1428 vino
951 1377 1071 1441 ferveat3
1092 1386 1179 1430 tamen
1190 1380 1372 1445 emagistratn

264 1457 648 1525 rientesetunicuiquemolesti
658 1465 799 1523 etgraves3
838 1461 866 1504 et
876 1453 1013 1505 ditioribus
1030 1455 1132 1505 obviam
1148 1455 1236 1518 factis,
1247 1470 1281 1506 ne
1294 1462 1323 1507 et
1333 1457 1371 1520 ip·

265 1533 310 1598 qni
321 1536 450 1585 tenuiores
462 1536 716 1600 obuiospercutiaut,
724 1539 752 1584 et
763 1534 801 1584 ni·
837 1546 879 1581 sos
890 1533 1040 1595 petulanter
1052 1534 1175 1595 incurrat,
1191 1534 1322 1583 abstinere
1333 1532 1372 1582 di·

264 1610 286 1659 ri
305 1610 416 1676 aliquem
436 1612 621 1676 percusserint,
631 1611 744 1661 dormire
755 1625 800 1660 ue·
837 1609 909 1659 dicit.
919 1610 962 1658 Sic
973 1609 1058 1659 Poeta
1069 1610 1157 1671 docet,
1167 1610 1249 1659 solam
1261 1623 1372 1674 pauper-

265 1688 535 1751 queunt.-Petrtnus]
572 1688 752 1737 Lascivienter
773 1701 801 1736 u·
837 1685 1026 1750 tetemnbiqne
1045 1692 1103 1735 esse
1115 1685 1372 1742 ludibria—Quibus·

263 1762 800 1829 uumquemquemolestans-Quintium]
836 1764 900 1824 dem,
910 1760 964 1826 irc]
991 1761 1105 1813 Jnreucs
1116 1763 1245 1813 libidinosi
1261 1771 1290 1813 et
1300 1764 1373 1813 luxu·

263 1839 336 1904 Lego
346 1841 403 1904 qaia
413 1843 512 1892 nulium.
530 1842 551 1893 1.
562 1857 585 1891 e.
596 1841 656 1907 quia
666 1842 711 1892 illa
720 1850 799 1892 nocte
837 1841 898 1890 riosi
909 1839 1034 1890 libentius
1047 1840 1178 1890 dormiunt
1190 1840 1214 1891 si
1225 1839 1372 1893 ceciderint

262 1917 392 1967 neminem
405 1919 546 1982 percussit,
565 1919 677 1969 dormire
691 1932 742 1967 non
754 1933 801 1983 po·
838 1916 956 1980 aliquem.
993 1917 1047 1966 Vct.
1063 1915 1119 1966 Solu.

262 1999 332 2056 test3
352 2001 387 2045 -et
408 1996 442 2045 ob
463 1996 489 2044 id
509 1996 555 2046 dat
574 2011 672 2061 poeuas,
682 2003 710 2045 et
722 1996 800 2046 talem
868 1996 917 2042 2⁸³
937 1993 1012 2041 Curet
1025 1991 1099 2054 luae]
1127 1991 1209 2057 Vitat,
1231 1991 1371 2058 intactum·

261 2072 365 2121 noctem
378 2073 553 2123 calamitosam
571 2074 681 2137 patitur,
695 2072 799 2137 qualem
836 2082 888 2131 que
909 2066 1181 2132 relinquit—Coccina
1201 2066 1274 2130 leno]
1313 2068 1372 2121 Qua

261 2147 379 2199 Acbilles
399 2149 500 2200 babuit.
538 2151 607 2201 Vide
629 2152 748 2200 ultimum
770 2149 799 2199 li·
835 2144 976 2198 utebantur
984 2147 1090 2211 divites,
1099 2162 1244 2212 purpurea3
1261 2147 1305 2196 vel
1315 2161 1374 2197 coc»

261 2223 336 2275 brum
348 2227 426 2276 llied.
437 2228 548 2278 Homeri
560 2244 596 2278 rs.
609 2233 649 2279 12.
681 2229 768 2278 labia.
835 2223 1373 2290 cinea,pnrpureecblamstmbim-Coc-

295 2304 345 2350 279
361 2303 415 2351 Dur
429 2304 522 2368 poenos]
549 2305 740 2369 Discruciatur,
756 2310 799 2355 est
835 2302 888 2351 oiuo
903 2301 975 2366 lero]
992 2302 1123 2366 Purpura,
1135 2317 1186 2366 qua
1197 2300 1291 2351 diriter
1310 2301 1372 2350 olim

262 2379 291 2430 in
312 2381 386 2432 luctu
402 2389 430 2432 et
449 2399 569 2449 mucrore,
583 2386 652 2449 quod
668 2386 798 2435 neminem
834 2380 983 2431 utebantur.
1009 2379 1150 2443 Virgilius:
1173 2378 1318 2442 ‘Tyrioque
1331 2391 1373 2426 ar·

263 2459 575 2525 percusserit—Patitur,
585 2462 640 2525 isc]
660 2463 758 2523 Peliala,
769 2462 797 2511 id
834 2454 1372 2520 deoatmuricelaena’autannquiaupnt·

262 2541 313 2596 ert,
328 2535 448 2600 Achillis,
463 2537 510 2588 filii
530 2541 605 2590 Pelei
622 2548 650 2590 et
666 2540 797 2604 inermis,
837 2533 942 2582 mallum
961 2534 1054 2582 lienam
1075 2532 1251 2596 appellabant·
1276 2531 1372 2586 *Quod

262 2611 308 2677 qui
319 2612 410 2662 audita
419 2620 504 2664 morte
516 2617 592 2667 amici
611 2617 733 2665 carissimi
745 2615 798 2664 Pa·
834 2609 923 2683 Graeci
943 2611 1087 2673 coccinum,
1108 2611 1163 2660 sive
1185 2611 1316 2661 Cocceum
1332 2610 1373 2660 di-

262 2688 349 2753 trocli,
361 2704 420 2739 cum
438 2706 489 2756 qno
501 2693 570 2756 apud
586 2694 724 2744 Chironem
735 2693 798 2742 edrr-
834 2693 906 2749 cunt,
917 2689 1005 2739 Latini
1016 2695 1119 2738 veteres
1129 2687 1220 2738 birrum
1230 2694 1369 2739 vocarunt.

263 2769 338 2814 catus
360 2773 426 2831 erat,
456 2768 489 2817 ab
511 2770 627 2821 Hectore
652 2770 798 2835 interfecti,
838 2764 957 2816 vernet.

262 2847 369 2890 moestus
390 2848 418 2892 et
435 2842 557 2894 insomnis
574 2853 631 2896 tota
646 2847 797 2908 noctefuit,
866 2844 916 2894 284
933 2845 969 2893 Er
990 2842 1114 2906 comitum]
1139 2843 1282 2895 Habebunt
1302 2843 1371 2895 enirn

262 2928 313 2965 nec
326 2917 419 2981 potuit
440 2919 583 2983 quiescere.
616 2921 657 2972 Sic
678 2921 798 2987 petulans
835 2918 931 2969 divites
960 2926 989 2969 et
1010 2921 1175 2984 magistratus
1197 2920 1225 2970 in
1244 2921 1372 2971 comitatu

259 2991 417 3045 bicnebulo.
434 2996 511 3046 Idem.
835 2995 960 3060 plurimos
971 3009 1061 3046 serres
1071 3002 1099 3046 et
1107 2996 1225 3048 clientes.
1250 2997 1340 3048 Μὴ.
1434 3015 1439 3024 ·

295 3073 345 3120 280
363 3071 442 3122 Cabur
451 3075 487 3137 ia,
502 3070 558 3137 qa]
578 3076 714 3127 Describit
730 3077 799 3141 illos,
868 3075 916 3121 285
935 3071 1108 3134 Famam]
1119 3073 1372 3139 Facesmultaeprn-

261 3146 306 3211 qni
316 3149 401 3198 noctis
421 3157 540 3214 tempore
560 3153 593 3203 ob
612 3168 654 3203 res
674 3155 797 3204 molestas
835 3147 1028 3212 litim-Ainea,
1048 3149 1102 3213 ⁸500]
1130 3149 1321 3202 Candelabrum
1338 3166 1372 3203 ex

261 3220 387 3290 objectas,
408 3227 535 3280 insomnia
554 3237 692 3282 vexentur.
720 3233 797 3284 Idem.
837 3239 888 3274 rere
909 3224 1060 3289 Corynthio,
1081 3240 1133 3290 quo
1154 3227 1233 3277 etiam
1261 3227 1372 3278 Tribuni

261 3296 393 3350 Homerus
407 3303 525 3356 iliado'.
552 3307 648 3356 ‘Nunc
665 3308 743 3357 lateri
758 3308 798 3357 in·
837 3302 983 3353 utebantur.
1017 3302 1092 3355 Idem.

262 3375 398 3442 eumbens,
408 3379 504 3430 iterum
519 3388 580 3446 post
597 3384 675 3446 paulo
689 3385 797 3448 supinus
868 3383 917 3430 286
934 3379 1137 3446 quuemtra]
1163 3381 1372 3445 idest,contrr,

157 3453 159 3455 ’
262 3451 394 3517 Corpore,
412 3463 585 3522 tumpronns,
608 3467 664 3510 tum
679 3476 797 3524 surgens,
835 3472 876 3507 me
897 3458 1054 3510 Umbritium
1076 3462 1205 3511 bominem
1226 3475 1370 3526 pauperem

261 3525 373 3593 denique
398 3534 650 3586 rectus.'—Amicuas
679 3538 797 3602 Pelcidoe]
835 3537 987 3597 coutemnit,
998 3535 1151 3601 floccifacit,
1165 3537 1371 3589 contumeliam*-

261 3601 379 3666 Achillis,
396 3609 536 3672 quimorte
553 3613 670 3664 Patrocli
690 3622 796 3664 moertur
834 3612 899 3677 ficit,
918 3614 1050 3679 verberat,
1062 3616 1272 3681 pulsate-Iamo]
1300 3618 1371 3669 Pan·

261 3676 321 3730 tuit.
357 3683 479 3734 Vrt.Sclr.
834 3705 911 3754 peres
922 3691 1001 3755 enim,
1011 3694 1054 3742 rel
1065 3701 1190 3757 amantes,
1201 3694 1234 3744 ad
1246 3696 1316 3745 lunae
1330 3695 1371 3745 ln·

268 3798 270 3801 ,
293 3761 341 3808 281
360 3760 438 3825 Ergo]
455 3763 615 3828 Indignatio.
648 3766 723 3816 Itane
735 3782 796 3819 vero
834 3782 893 3817 men
913 3769 1014 3819 domum
1031 3771 1167 3833 petebant,
1188 3773 1230 3821 rel
1247 3773 1371 3837 candelis,

260 3833 357 3883 nebulo
373 3835 419 3903 ille
430 3839 630 3904 perditissimus,
649 3843 726 3893 aliter
737 3843 796 3893 dor·
834 3851 927 3895 autore
943 3847 1032 3909 Festo,
1042 3846 1191 3898 utebantur.
1209 3849 1286 3898 Idem.

260 3909 390 3961 mirenon
408 3920 503 3977 potest,
523 3917 571 3967 nisi
593 3920 666 3989 prius
684 3921 795 3985 aliquem
866 3926 915 3971 287
935 3924 1017 3986 Cujus,
1038 3923 1091 3987 tra]
1124 3924 1205 3988 Cujus
1223 3923 1369 3976 funiculum

261 3991 437 4051 percusserit?
458 3994 551 4046 Poiitae
568 3996 690 4048 videntur
706 3999 797 4059 rerba,
834 3997 951 4062 dispono,
967 4014 1000 4047 ne
1011 3999 1088 4049 citius
1099 4001 1256 4062 absumatur,
1267 4009 1314 4052 aut
1324 4017 1369 4053 ex-

261 4065 418 4116 Umbritinm
445 4070 796 4137 alloquentis-Quibusdam,
835 4074 988 4138 stinguatur.
1019 4076 1125 4127 Iudicat
1137 4092 1208 4127 suam
1219 4085 1368 4144 temperan-

259 4140 314 4206 tra]
339 4141 455 4195 Juvener
464 4145 587 4199 luxuriosi
604 4150 725 4200 libentius
738 4151 797 4201 dor·
835 4152 907 4214 tiam,
918 4159 946 4200 ct
956 4151 1081 4218 frugalem
1090 4155 1281 4219 parsimoniam,
1292 4155 1368 4221 cnjus

260 4217 354 4282 minut,
365 4218 388 4269 ai
398 4221 509 4286 aliquem
521 4225 674 4277 ceciderint.
703 4227 797 4293 idest,
834 4229 949 4278 candele
956 4245 1084 4296 papyrum
1091 4232 1249 4296 temporibus
1258 4235 1368 4298 partior,

261 4293 365 4360 quidam
375 4309 429 4347 nou
442 4298 492 4348 nisi
508 4306 569 4364 post
579 4301 663 4353 mam
681 4303 795 4354 dormire
832 4312 916 4371 utque
924 4305 1017 4358 durare
1029 4309 1122 4375 possit,
1132 4310 1262 4377 dispenso,
1280 4309 1368 4378 dispo·
