3084 4934
274 399 342 469 566
735 413 935 468 excursus

274 568 312 633 in
325 562 499 651 AEthiopie
511 583 610 629 omnes
623 565 816 652 elephantos
829 565 933 632 fnisse
947 566 1120 648 candidos,
1134 568 1210 654 qnis
1228 568 1294 635 nni
1304 589 1381 654 per-

275 669 407 735 suaderi
432 668 596 754 patiatnrl
634 673 668 733 et
689 665 755 732 albi
777 688 833 752 ap.
857 667 997 734 Ptolem.
1020 676 1097 735 snut
1116 671 1231 736 forsan
1252 672 1328 746 ceni
1350 689 1379 736 s.

278 771 409 859 cinerei.
456 771 760 859 Aptioresqnoque
772 773 842 839 h.l.
858 776 935 838 sunt
948 768 1009 836 elci
1023 769 1192 861 elephanti.

616 1384 1090 1473 Exculesus'

657 1626 711 1679 An
726 1627 803 1682 SAT.
817 1630 852 1683 X.
868 1633 926 1684 312.
941 1634 999 1682 als.

323 1812 469 1886 Minui
504 1828 557 1888 est
583 1817 617 1886 h.
638 1822 662 1887 l.
695 1816 846 1890 lectionis
863 1825 1030 1904 ⁴carietes,
1060 1843 1139 1910 quae
1175 1824 1383 1891 librariorum

248 1942 251 1947 ·
279 1925 408 2008 stupori
426 1924 583 1991 debetur:
605 1932 810 2012 quoscumque
838 1924 947 1990 meriti
962 1923 1099 2012 Exigere
1120 1925 1167 2005 (h.
1182 1947 1211 1992 e.
1238 1927 1382 2010 exigunt,

276 2027 332 2092 vel
345 2027 479 2111 exigere
503 2025 621 2107 solent,
637 2027 710 2111 scil.
726 2028 770 2092 ab
793 2024 967 2113 adulteris)
979 2027 1058 2092 irati
1072 2029 1201 2094 restitui
1220 2029 1312 2093 cx5.
1327 2028 1383 2094 12.

276 2128 331 2197 18.
344 2128 400 2194 24.
415 2131 469 2196 25.
479 2129 534 2195 27.
548 2129 661 2196 titi-49.
676 2130 789 2196 5469.
803 2130 918 2221 71-74.
933 2131 1051 2217 probb.
1063 2130 1174 2197 Pulm.
1186 2135 1220 2195 et
1234 2129 1382 2195 Gronov.

278 2229 381 2296 Obss.
405 2248 446 2297 11.
466 2232 521 2296 14.
536 2232 595 2297 ubi
611 2251 731 2316 magna
744 2233 973 2316 exemplorum
987 2234 1088 2317 copie
1110 2232 1385 2310 ostenditmutta

193 2364 195 2370 v
277 2334 407 2417 passim
431 2353 490 2417 per
517 2332 716 2401 infinitivum
743 2335 879 2398 modum
901 2334 1120 2418 pronunciata
1141 2353 1225 2414 esse,
1254 2334 1386 2399 sivein

278 2436 427 2500 oratione
453 2437 599 2520 obliqua,
621 2437 694 2502 sive
715 2457 775 2521 per
804 2438 934 2522 ellipsin
954 2437 1047 2503 verbi
1065 2436 1164 2516 liniti,
1186 2455 1263 2521 quoe
1284 2436 1386 2500 libra·

279 2537 323 2603 rii
358 2544 392 2603 et
412 2539 590 2623 improvidi
613 2547 816 2606 correctores
843 2541 1012 2607 vexarint:
1043 2559 1250 2624 quoscumque
1275 2535 1388 2601 mariti

279 2636 416 2725 Exigere
440 2641 491 2705 ira
505 2643 558 2707 15.
583 2642 775 2708 adversante
795 2648 918 2708 metro:
941 2641 1028 2707 uude
1051 2662 1258 2727 quascumque
1277 2638 1387 2704 meriti

195 2788 206 2793 ,
279 2736 418 2829 Erigere
432 2743 482 2807 irc
495 2753 596 2828 potest
607 2744 640 2811 2.
651 2747 705 2811 36.
738 2764 772 2809 v.
789 2741 924 2809 Genteri
938 2743 1047 2809 lectt.
1069 2762 1149 2809 nov.
1165 2759 1223 2808 111.
1240 2742 1274 2808 6.
1294 2763 1386 2827 quae·

199 2882 201 2888 ·
279 2864 408 2931 eumque
429 2846 538 2911 meriti
554 2845 690 2933 Exigere
710 2845 790 2911 irati
810 2845 935 2926 debent,
961 2868 1015 2911 uec
1034 2844 1094 2910 erit
1098 2842 1234 2932 felicior
1252 2853 1337 2908 estro
1352 2846 1386 2909 4.

279 2948 334 3014 16.
349 2949 404 3014 23.
427 2956 460 3015 ct
473 2951 541 3016 dno
557 2951 615 3015 olii
629 2950 775 3028 codices,
792 2969 879 3034 quos
900 2949 1096 3014 memoravit
1110 2948 1259 3013 Gronov.
1274 2948 1296 3011 l.
1310 2947 1334 3014 l.
1351 2947 1386 3011 in

184 3040 188 3045 ’
280 3071 347 3135 que
360 3053 513 3132 lectione,
527 3073 572 3118 ex
586 3053 716 3118 duabus
739 3052 897 3130 conflate,
912 3052 945 3114 ri
968 3049 1078 3115 debent
1092 3051 1249 3117 abundat.
1292 3049 1385 3115 Hine

277 3145 372 3219 meiri
385 3155 547 3221 fulciendi
561 3174 665 3223 cansa
678 3151 1001 3242 quascumquemariti
1016 3150 1150 3239 Exigere
1163 3151 1241 3216 irati
1256 3149 1384 3217 debent:

268 3252 401 3340 felicior
418 3265 501 3321 estro
515 3262 577 3323 cet.
592 3258 644 3322 11.
669 3256 728 3322 sed
751 3244 866 3322 contre
878 3262 1020 3321 mentem
1041 3256 1166 3340 poetae.
1181 3275 1387 3341 quascumque

279 3358 389 3421 meriti
420 3356 554 3445 Erigere
576 3361 654 3424 irati
677 3358 783 3424 debuit
808 3361 863 3424 45.
899 3381 1105 3445 quascumque
1125 3350 1235 3420 meriti
1262 3353 1385 3442 Exiguo

278 3457 367 3540 irati,
383 3482 436 3525 uec
460 3462 520 3525 erit
531 3460 568 3549 f.
588 3485 620 3528 α.
634 3463 939 3548 50.·-quuecumque
961 3459 1071 3524 meriti
1092 3458 1176 3523 irati
1180 3456 1315 3544 faciunt
1329 3459 1385 3524 35.

279 3583 485 3650 quascumque
498 3563 608 3628 meriti
624 3563 708 3629 Iroti
727 3564 837 3629 debent
859 3566 893 3630 3.
911 3565 1034 3629 13.17.
1052 3563 1165 3628 1922.
1187 3562 1242 3627 38.
1253 3561 1309 3627 43.
1331 3563 1386 3627 75.

280 3663 335 3729 76.
349 3666 445 3748 prob.
469 3666 684 3752 Lips.Epist.
711 3666 843 3746 Quaest.
860 3683 911 3730 lv.
923 3668 979 3731 25.
1012 3665 1188 3730 Enimvero
1203 3664 1385 3729 nonmariti

279 3763 389 3830 debent
415 3788 545 3851 poenes,
575 3769 633 3835 sed
659 3768 805 3850 adulter3
834 3769 901 3832 nisi
927 3766 1150 3851 supplendum
1172 3786 1310 3832 censeas
1334 3786 1386 3830 er·

277 3866 372 3954 igere,
397 3872 452 3937 vel
467 3893 586 3956 cepere,
605 3882 719 3956 petere,
742 3880 888 3954 repetere,
910 3889 1037 3948 sumere,
1061 3871 1133 3934 scil.
1157 3869 1202 3933 ab
1224 3868 1383 3948 adultero,

280 3989 359 4054 quae
369 3968 480 4038 temen
504 3975 634 4059 ellipsis
647 3975 731 4039 dura
754 3979 823 4039 est:
846 3993 1051 4059 quercumque
1073 3970 1181 4034 ruenti
1198 3968 1282 4034 Iroti
1297 3969 1385 4034 debet

281 4073 337 4140 10.
352 4095 553 4161 quercumque
578 4075 700 4140 moritis
716 4073 813 4139 Irctis
836 4074 944 4140 debent
969 4078 1025 4141 77.
1048 4092 1252 4160 quascumque
1275 4069 1386 4138 niuuti

283 4173 368 4241 irati
387 4176 497 4243 debent
523 4177 694 4243 rivalibus:
723 4177 820 4263 exigit
843 4188 945 4242 eutem
962 4175 1126 4243 interdum
1141 4181 1205 4247 eet.
1217 4176 1271 4241 13.
1294 4196 1384 4261 qucr-

281 4296 408 4365 cnmque
431 4280 553 4346 moritis
579 4279 663 4346 Ireti
687 4277 799 4345 deberet
822 4281 878 4347 14.
900 4280 954 4348 28.
976 4281 1080 4347 etita
1100 4280 1189 4365 conj.
1210 4277 1308 4364 lips,
1321 4278 1346 4345 1.
1360 4278 1384 4343 l.
