3084 4934
611 403 751 454 SA'l'lRA
775 406 831 457 Xl.

167 541 237 622 Qui
248 545 538 614 Lacedaemonium
552 550 730 634 pytismate
743 552 884 617 lubriuat
897 555 1011 619 orbern
1024 576 1032 621 τ

165 644 322 731 Namque
335 651 383 713 ibi
397 651 554 717 Fortrmae
568 655 699 719 veniam
714 654 841 719 damus.
885 655 1119 744 Aleatuqris,
1264 714 1269 721 .

165 747 276 833 Trupe
291 755 325 816 et
338 752 535 819 adulterium
549 755 786 824 mediocribus,
830 758 921 825 Haec
934 762 1050 826 eadem
1071 762 1120 827 illi
1205 762 1273 869 175

166 944 250 1014 sueta
260 967 518 1032 &pidiusfflrstria
536 976 712 1039 mmmm
731 975 847 1026 lubricum
855 975 922 1038 facit
936 977 1015 1027 orbem
1033 976 1183 1028 hasim
1217 976 1274 1029 lilii

166 1029 227 1079 eum
237 1033 299 1082 sorti
307 1034 463 1099 indulgemus.
496 1040 623 1089 lslmstu
633 1040 779 1091 tenuioribus
789 1044 849 1108 ulcu,
867 1044 1009 1093 adulterium
1023 1045 1097 1094 etium
1115 1042 1271 1093 inhonestum.

626 1185 804 1207 ΟΟΙΜΟΙΟΙΟΙ

164 1269 354 1326 carensac
370 1278 396 1331 b.
407 1279 508 1333 1.-174
523 1284 769 1348 Pinguiamfortasoe
783 1287 875 1337 emam
885 1289 969 1339 dumus
985 1292 1107 1339 loelli
1126 1293 1206 1338 tames
1222 1301 1275 1353 pro

665 1417 775 1469 NOTAE

158 1557 161 1561 ,
194 1500 243 1545 173
261 1497 695 1577 Quilacedemosiumpyamaula-
735 1516 832 1583 pedum
855 1524 882 1569 et
903 1519 1086 1584 complosioue.
1133 1516 1271 1580 Brodaeus,

163 1569 338 1640 bricutorbem]
353 1579 506 1635 Vixcredas
519 1591 694 1652 quammultis
732 1598 863 1659 pedemcte,
883 1584 910 1645 id
931 1602 981 1657 est,
1003 1596 1081 1658 saltu,
1102 1595 1129 1645 iu
1152 1591 1268 1658 tripudio

163 1645 205 1695 bic
222 1648 305 1714 locus,
322 1659 350 1703 et
369 1655 394 1703 in
409 1673 485 1722 quam
497 1665 591 1715 multos
603 1681 694 1717 seusus
734 1690 780 1724 seu
792 1675 928 1725 saltatione
937 1671 1135 1723 Lacedaemonia
1143 1670 1168 1720 iu
1177 1669 1274 1721 orbem

162 1733 280 1775 versatus
298 1736 348 1780 est.
381 1732 413 1783 In
437 1742 477 1786 tot
496 1737 577 1803 igitur
593 1748 620 1791 et
639 1749 694 1792 tam
735 1748 792 1800 tieri
803 1751 889 1800 solita.
905 1750 974 1800 Vide
984 1749 1048 1799 Coei.
1062 1748 1171 1811 Rhodig.
1184 1758 1270 1796 xviii.

163 1801 291 1854 variarum
320 1807 461 1863 lectionum
502 1817 696 1884 interpretatio·
736 1832 760 1877 1.
795 1826 912 1877 Alciatus
929 1826 957 1876 et
976 1826 1096 1875 Pulmau.
1112 1822 1272 1887 Pyreismute,

162 1891 275 1945 numqua
301 1883 401 1937 lubrico
420 1891 477 1954 quis
500 1895 591 1956 pedem
613 1895 696 1961 figat?
736 1910 764 1953 et
785 1904 918 1967 explicant
943 1900 976 1951 de
998 1901 1110 1967 quadam
1137 1900 1269 1948 Laconum

163 1954 219 2005 Imo
243 1959 301 2021 quis
318 1960 376 2024 ipso
403 1965 550 2021 lubricante
574 1973 696 2023 Juvenali
736 1978 932 2042 exercitatione,
953 1992 1011 2043 quae
1032 1992 1048 2026 a
1066 1976 1140 2026 nudis
1160 1976 1270 2040 oleoque

162 2037 349 2098 uoucaespitet
367 2046 445 2106 atque
466 2045 582 2098 titubet?
608 2049 695 2099 Firmo
736 2052 1176 2105 beneuuctistiebstinsudatoria.
1209 2052 1269 2100 Mu·

162 2112 250 2158 tamen
270 2118 409 2180 utcumque
421 2126 491 2170 stare
506 2124 616 2188 vestigio
633 2125 696 2174 mihi
735 2139 808 2181 retus
818 2136 971 2196 peltermate,
983 2146 998 2180 a
1008 2128 1093 2179 emis
1106 2129 1182 2190 talus,
1192 2128 1270 2179 intel·

161 2185 262 2251 uideor,
284 2191 472 2257 antiquioribus
496 2202 604 2260 stando,·
630 2217 696 2266 prae·
734 2208 844 2273 ligitque
865 2206 973 2257 divitem
993 2208 1058 2256 aleae
1078 2203 1204 2268 deditum,
1224 2204 1271 2268 qui

162 2268 251 2316 sertim
263 2284 322 2319 cum
339 2288 439 2325 sensum
450 2291 501 2328 uon
512 2279 587 2329 valde
600 2280 697 2344 juvent
735 2284 795 2334 talis
811 2284 878 2334 ludit
894 2285 921 2333 in
938 2298 1029 2334 mensa
1043 2282 1154 2333 rotunda
1171 2296 1186 2331 a
1202 2295 1272 2330 ruar-

162 2358 220 2408 quae
237 2361 254 2393 a
272 2348 332 2397 viris
352 2351 446 2416 alioqui
462 2356 623 2418 parionibus
639 2370 696 2406 eru·
735 2375 808 2411 more
835 2360 1032 2411 lacedaemonio
1059 2358 1140 2409 facts.
1187 2359 1271 2408 Favet

160 2421 217 2472 dite
234 2425 408 2491 certatimque
424 2430 629 2485 hicafferuutur.
662 2435 695 2484 E·
736 2436 1175 2504 quodnequiturmox,uleuturpis.
1201 2435 1269 2484 Mai·

161 2498 340 2551 mendationes
350 2508 377 2552 ot
388 2506 552 2570 conjecturas
562 2523 614 2559 uon
626 2525 696 2574 sper·
735 2516 788 2564 lem
804 2521 876 2565 certe
895 2529 955 2564 cum
973 2515 1058 2563 veteri
1076 2513 1163 2563 Schol.
1174 2511 1270 2561 intelli·

160 2574 254 2638 nimus,
271 2582 299 2626 at
316 2594 404 2631 eorum
415 2598 480 2646 paca
490 2592 518 2635 et
528 2587 612 2648 venia,
624 2594 695 2651 post·
735 2605 799 2656 gere
815 2591 922 2641 divitem
933 2591 978 2656 qul
996 2590 1089 2655 expuit
1106 2604 1186 2653 supra
1205 2598 1270 2639 mar·

161 2650 296 2727 habemus.
337 2657 427 2708 Justus
453 2661 557 2725 Lipsius
583 2665 694 2728 Epistol.
735 2682 791 2718 mor
802 2668 1035 2731 Lacedaemouium,
1047 2683 1098 2733 quo
1110 2673 1219 2716 stratum
1230 2672 1271 2716 est

162 2727 263 2779 Quaest.
279 2729 327 2779 lib.
336 2746 375 2782 rv.
389 2736 437 2798 Ep.
444 2741 486 2786 25.
505 2737 602 2790 fatetur
613 2741 695 2804 scrip·
734 2746 793 2809 ejus
805 2744 896 2795 domus
908 2746 1095 2810 pavimentum,
1106 2750 1135 2794 et
1146 2744 1183 2794 sic
1193 2744 1270 2795 lubri-

161 2809 326 2856 tumomucm
339 2816 367 2859 et
382 2811 534 2877 impressam
552 2816 695 2881 antiquitus
735 2836 795 2870 curu
804 2820 900 2871 reddit.
933 2822 992 2871 Non
1009 2819 1110 2870 abludit
1121 2821 1269 2883 Salmasius,

160 2881 301 2932 lectionem
323 2900 390 2951 esse,
421 2891 464 2940 rel
488 2893 627 2958 pitysmute,
653 2896 695 2944 rel
735 2898 804 2962 apud
832 2913 918 2963 quem,
944 2898 1075 2947 lubricare
1103 2896 1269 2946 Lacedaemo·

158 2957 296 3021 pytismate.
320 2961 378 3013 Hoc
387 2980 435 3028 ego
445 2968 532 3018 Divaei
541 2972 694 3034 amplector,
734 2974 804 3023 nium
816 2974 905 3023 orbem
917 2974 1014 3022 dicitur
1031 2974 1052 3022 is
1063 2974 1213 3037 pytismate,
1224 2972 1268 3037 qui

161 3050 218 3084 cum
241 3037 398 3092 Manciuello
417 3049 445 3094 et
463 3046 529 3108 aliis,
545 3049 694 3114 pariterque
734 3053 897 3119 pytissando,
916 3053 942 3102 id
965 3060 1015 3116 est,
1035 3051 1163 3116 gustando
1180 3052 1267 3101 viuum

161 3110 264 3175 explico
273 3113 323 3165 sic:
345 3117 483 3171 Gaditanis
492 3123 621 3174 illecebris
633 3141 695 3188 gau·
734 3144 793 3180 cum
806 3128 958 3192 probatione
971 3128 1091 3192 quadam,
1103 3131 1132 3175 et
1149 3140 1208 3175 nrox
1223 3140 1273 3177 ex·.

98 3196 99 3201 ’
161 3187 223 3238 deat
234 3202 266 3237 ac
277 3190 380 3243 fruatur
390 3196 462 3247 dives
480 3200 553 3264 licet,
570 3203 610 3266 qai
618 3203 694 3267 pytis-
734 3204 849 3269 puendo,
868 3203 966 3253 crebris
984 3202 1109 3266 ejusmodi
1122 3200 1270 3265 rejectioni.

161 3271 223 3314 mute
239 3266 340 3318 lubricat
348 3271 425 3321 orbem
433 3275 651 3335 lacedemoniam
666 3278 693 3326 id
733 3281 782 3332 bus
794 3288 822 3331 et
833 3279 1000 3330 effusionibus
1012 3279 1064 3328 uda
1073 3278 1137 3329 facit
1148 3286 1176 3329 et
1187 3279 1267 3329 lubri-

162 3346 210 3404 est,
223 3342 268 3406 qui
280 3349 357 3406 sputo
366 3346 477 3398 irrorans
486 3350 605 3416 digitum,
614 3351 693 3402 facile
735 3372 767 3408 ca
783 3365 838 3408 tum
856 3370 956 3405 mensas
976 3356 1100 3405 rotundas
1112 3371 1127 3404 e
1137 3371 1267 3407 marmore

161 3414 222 3466 inde
239 3426 342 3469 amovet
359 3425 453 3488 sapius
470 3434 498 3477 et
513 3430 634 3480 admovet
649 3430 694 3496 (ad
735 3432 942 3495 Iacedaemouio,
954 3439 1009 3483 tum
1026 3434 1142 3495 abacum,
1153 3441 1181 3483 et
1197 3435 1267 3498 pavi·

162 3496 374 3562 ostentationem)
400 3516 473 3552 strum
500 3507 631 3569 annulum,
652 3522 694 3556 cu·
734 3518 857 3560 mentum.
875 3511 935 3560 Non
944 3525 1030 3559 moror
1037 3525 1166 3574 poppysma
1175 3511 1267 3573 Flavii,
1355 3550 1357 3555 f

91 3619 93 3627 ¹
157 3567 199 3630 jus
220 3585 235 3618 a
255 3571 458 3626 lacedemoniis
477 3594 537 3630 usus
556 3582 693 3631 emanavit.
735 3586 1267 3650 autLipsiumcuursuopygismute;absit

161 3640 296 3696 Turnebus
305 3649 383 3699 Libro
392 3653 517 3716 vigesimo
526 3666 616 3722 quarto
625 3663 694 3709 atti.
734 3664 801 3713 euim
815 3668 844 3711 ut
856 3662 977 3711 obscoena
993 3663 1172 3713 comminiscar
1188 3664 1268 3726 ulmo,

162 3719 279 3771 similiter
291 3726 365 3790 legit,
374 3736 400 3776 at
408 3731 484 3780 aliter
492 3733 614 3797 explicat,
625 3750 694 3785 uem·
735 3740 777 3804 qui
791 3741 831 3789 rel
843 3740 1008 3788 occurrentia
1019 3740 1108 3790 solitus
1127 3755 1181 3789 sum
1196 3741 1266 3791 elue·

162 3814 205 3863 pe,
215 3801 260 3866 qui
272 3811 349 3865 sputo
361 3806 483 3858 ct'saliva
498 3812 578 3875 magis
596 3813 695 3863 volubi·
734 3817 792 3865 tari.

160 3875 211 3925 lem
238 3879 327 3930 reddit
355 3885 480 3947 trochum,
504 3889 593 3938 ludum
622 3897 694 3940 certe
767 3897 815 3942 174
833 3893 947 3942 Fortuna
961 3894 1053 3942 ueniam
1069 3890 1163 3952 Mnus]
1179 3892 1265 3940 Luxu

163 3952 354 4007 Graeanicum.
381 3962 456 4010 Valla
469 3964 597 4028 pitysmute
613 3968 692 4031 legit3
733 3968 802 4018 riusa
812 3970 857 4019 illa
873 3970 900 4017 in
912 3969 1036 4021 divitibus
1046 3970 1129 4017 solent
1146 3968 1264 4017 toleraris

162 4030 250 4096 aitque
269 4048 327 4083 esse
344 4039 463 4088 trocbum
481 4056 496 4089 e
517 4043 586 4105 pinu,
609 4059 693 4109 grace
732 4052 761 4096 at
771 4047 827 4111 quis
839 4045 929 4096 eadem
939 4044 1007 4096 ferat
1018 4045 1044 4093 in
1061 4043 1185 4094 mediocri
1194 4043 1266 4093 ritui

161 4105 236 4160 πίτυς.
267 4107 466 4178 Undepitysmu.
495 4117 618 4171 Politian.
627 4122 693 4185 pity-
734 4125 775 4173 Ex
786 4124 906 4188 opinione
917 4122 998 4186 vulgi.
1130 4180 1134 4185 ,

163 4183 264 4250 lismute,
282 4189 352 4252 quud
367 4206 446 4254 genus
458 4200 516 4244 erat
527 4197 693 4249 exercitatio·
767 4203 813 4250 1⁷5
831 4200 883 4264 Illi]
905 4199 1010 4249 Diuites
1021 4195 1151 4246 luxuriosi.

163 4260 202 4311 nis
224 4278 284 4313 cum
304 4266 503 4332 gesticulatione
521 4287 640 4323 manuum
662 4270 692 4324 ac
