3084 4934
246 396 313 465 862
585 412 695 462 noun
718 412 920 463 variorurr
945 412 986 464 rte

245 553 371 607 nahierns
383 554 536 620 rigidaeret
555 561 584 606 st
602 554 736 606 stridebat
755 556 781 606 vi
819 554 914 606 Arnen
930 555 1166 622 appropinquaret3
1181 556 1225 606 hic
1240 568 1304 606 vero
1324 554 1351 605 in

246 639 383 682 ventorum
394 639 457 683 tnnc
469 632 668 697 dominantium,
686 641 715 684 et
731 634 782 698 pir·
819 632 922 683 Albano
933 639 1021 684 monte
1036 633 1289 684 erutDomitlanus:
1305 632 1351 683 uhi

246 723 304 758 cem
325 716 430 776 captum
449 725 465 759 a
482 708 675 774 putrefactione
695 722 782 760 rem
819 711 897 761 etiam
908 712 987 775 piscis
998 711 1049 776 ipsi
1059 709 1226 762 offerebatur.
1259 711 1291 759 ln
1302 711 1351 760 hoe

246 785 308 847 δαίς
317 785 512 836 tamendelirns
522 787 695 851 piscetorjarn
708 786 780 850 pisce
819 785 923 837 Albano
933 792 1029 851 monte,
1044 786 1159 837 ohscoeul
1176 787 1214 836 illi
1224 787 1351 836 Minervae

247 867 335 924 capto,
354 861 393 911 ita
410 863 579 927 properabat,
595 870 717 928 tanquam
727 862 781 911 Aa·
819 863 969 913 sacerdotes
995 877 1011 912 a
1038 862 1190 912 Domitiano
1217 860 1352 912 constituti

245 943 303 987 ster
312 934 400 1000 daret,
428 938 526 988 estatis
550 945 668 1001 tempore
695 935 781 985 omnia
818 945 904 1002 erant,
924 942 1034 1006 qnorum
1049 936 1205 988 Pontificem
1225 948 1351 987 summum

245 1012 421 1078 putrefacieus
430 1022 457 1065 et
467 1028 645 1079 corrumpens.
667 1011 782 1063 Deridet
816 1016 934 1081 superins
946 1016 1128 1066 Domitianum
1139 1015 1294 1079 joculariter
1309 1019 1352 1079 api

246 1106 309 1157 ergo
318 1091 486 1157 piscatorem,
499 1091 568 1156 qnod
579 1088 781 1154 putrefactionis
818 1093 937 1158 pellarit.
970 1091 1023 1142 Alii
1040 1097 1152 1156 ruperunt
1168 1089 1351 1154 legunt-Di-

245 1176 318 1220 metu
336 1169 440 1219 hiemali
455 1176 574 1233 tempore
592 1167 658 1217 adeo
675 1165 781 1216 festina·
816 1171 884 1235 rura]
906 1170 932 1221 Α
950 1172 1028 1221 Tullo
1039 1170 1164 1231 Hostilio,
1179 1175 1240 1233 post
1253 1167 1351 1232 suppli·

247 1246 460 1309 ric-betsuram]
478 1244 584 1296 Dicitur
601 1250 688 1293 nutent
704 1242 779 1292 lethi·
816 1246 886 1296 cinur
897 1253 1008 1298 mmmm
1018 1242 1264 1298 delletloSnffetio
1274 1243 1353 1293 Arna-

245 1321 290 1373 fei
295 1321 452 1385 Autumnus,
463 1322 524 1386 qnia
532 1321 636 1371 morbus
647 1325 676 1371 et
683 1327 780 1370 mortes
816 1338 908 1374 uorum
919 1325 1110 1375 ducerebsiler
1128 1322 1246 1387 Templis
1264 1329 1351 1370 tamen

245 1399 362 1460 eseitat3
374 1406 484 1462 propter
491 1398 656 1459 mutationes,
663 1397 780 1462 aliasque
817 1400 905 1451 edicto
917 1401 985 1464 regis
995 1406 1169 1464 temperatum
1178 1398 1352 1461 este-thue,

247 1489 351 1526 mussas
362 1476 474 1526 Medicis
485 1483 514 1525 et
524 1476 643 1539 Physicis
655 1474 718 1525 satis
735 1489 781 1525 no·
816 1477 871 1541 te]
888 1478 922 1529 ld
932 1486 982 1543 est,
1001 1492 1059 1529 curn
1076 1490 1160 1542 prope
1179 1477 1252 1526 lacus
1272 1475 1354 1524 Albe·

245 1560 296 1604 tas.
313 1551 535 1617 luem-Prusae]
551 1553 612 1602 Hoc
623 1559 666 1602 est
676 1552 778 1616 hyemir
817 1569 910 1604 nenses
915 1554 972 1618 jam
980 1553 1222 1617 venissetpiscator.
1235 1550 1351 1601 Vet.Srb.

245 1626 337 1679 Annus
348 1629 417 1679 enim
431 1629 458 1679 io
471 1634 599 1692 perpetuo
609 1634 692 1690 mutu,
704 1629 779 1693 eujus
849 1635 880 1680 ur
890 1631 975 1693 lgneus
983 1627 1353 1694 lhojcsmwertemfflnreuil

244 1710 334 1769 partes
345 1720 401 1755 sese
417 1705 529 1755 invicem
546 1705 781 1770 expellunt-Nos
816 1707 1056 1773 aliudquamignis:
1069 1696 1148 1757 Ouid.
1160 1705 1236 1757 ‘Nec
1245 1704 1352 1755 tnaiintl

241 1778 336 1845 pereat]
353 1780 518 1844 Fisco‚qnod
533 1781 591 1845 jam
607 1781 717 1832 distrahi
728 1796 780 1833 oon
817 1784 925 1834 Vestam
947 1798 1023 1848 quern
1041 1783 1128 1834 viram
1143 1782 1262 1846 intellige
1281 1780 1353 1831 liam·

253 1863 351 1922 potest.
373 1857 425 1907 Vct.
437 1856 493 1907 Scir.
816 1859 906 1909 mam?
917 1859 962 1925 qui
975 1859 1057 1923 Troja
1069 1860 1096 1907 iu
1106 1858 1209 1908 ltaliam
1224 1858 1259 1908 ah
1269 1857 1353 1908 AEneo

276 1938 309 1983 tii
325 1933 492 2000 sperantibus]
511 1931 674 1998 Kcrdxprurr.
686 1936 780 2001 idest,
817 1936 926 1987 deletus
940 1934 1240 1998 Grange-Vesm‚trr.]
1250 1934 1293 1985 Ad
1304 1933 1354 1984 dif-

244 2011 405 2063 timentibus.
437 2012 530 2077 Virgil.
554 2015 654 2065 ‘Hune
681 2028 731 2078 ego
757 2015 781 2065 si
816 2010 957 2063 terentium
971 2012 1041 2061 illius
1054 2013 1144 2061 Vestes
1162 2012 1262 2075 templi,
1282 2011 1352 2076 quod

243 2088 319 2152 potui
337 2095 438 2139 taurum
457 2103 562 2154 sperare
578 2089 714 2141 dolorem!
729 2092 780 2140 Lr·
816 2089 935 2139 condidit
945 2089 1352 2151 Numaiuurhemurumssotnrr»

244 2164 296 2216 hira·
324 2166 449 2228 Rigaltirrr
459 2165 525 2216 dicit
536 2181 590 2230 eos,
606 2168 650 2231 qui
661 2168 780 2218 ‹tesmen-
817 2164 1022 2226 dumetmejos.
1040 2163 1352 2229 Idem-litimonium·

243 2248 272 2292 te
299 2249 423 2292 autumno
449 2243 604 2307 aegritudine
632 2250 780 2308 tentantur,
816 2255 895 2307 quam
922 2247 1062 2292 consecrat
1091 2241 1192 2290 minore
1227 2239 1353 2305 religlono

244 2320 780 2384 sperarequartanom:hocest‚nonfore
816 2331 892 2382 quam
911 2316 1136 2379 Romae-Ignem,
1157 2317 1211 2380 iro]
1242 2317 1353 2367 Romani

244 2395 362 2447 continui
384 2396 493 2459 ardoris,
514 2396 561 2446 sed
580 2402 683 2446 tantum
700 2397 780 2462 quad·
815 2393 890 2444 Tullo
901 2392 1016 2445 Hostilio
1024 2406 1095 2457 rege,
1105 2407 1165 2443 eum
1175 2393 1354 2461 deseruissent

244 2471 304 2523 rimi
313 2473 438 2524 circuitus
445 2472 555 2537 febrem,
565 2488 634 2537 quse,
645 2479 675 2522 ut
686 2473 780 2523 asserit
815 2469 1000 2534 Albam‚sacra
1009 2471 1111 2521 musta
1118 2472 1227 2521 Romam
1237 2477 1352 2520 transtu·

245 2550 345 2613 Celsos,
356 2550 485 2600 neminem
495 2550 617 2614 jugulat:
634 2550 695 2600 vide
706 2550 778 2600 Ptol.
815 2548 949 2610 lerunt,ct
959 2548 1032 2597 Deos
1040 2553 1168 2610 penates:
1186 2560 1296 2611 quornm
1307 2559 1352 2610 pe·

244 2625 361 2675 Flavium
383 2641 442 2690 cap.
463 2631 504 2676 1⁷.
524 2627 644 2691 Conject.
679 2627 779 2678 Omnes
815 2624 916 2673 netrale
925 2630 980 2673 tarn
996 2623 1145 2673 venerabile
1162 2622 1350 2687 deprehensum

244 2700 301 2753 fere
317 2703 492 2768 acyrologiam
514 2718 586 2753 snam
606 2709 706 2768 tenent,
727 2718 778 2755 nec
815 2707 868 2764 est,
879 2707 909 2751 nt
925 2699 1092 2765 lapidationis
1105 2700 1172 2749 cneio
1189 2700 1297 2750 caderet
1313 2713 1353 2749 su·

243 2780 432 2843 persuadentur
454 2794 470 2829 a
492 2779 562 2832 Ptol.
585 2781 690 2832 Flavio:
725 2779 778 2831 Sed
815 2791 864 2841 pro
885 2775 901 2806 ³
928 2776 1065 2826 memorati
1089 2774 1221 2839 ponderis,
1242 2780 1354 2840 propter

244 2857 368 2922 quiequid
386 2858 556 2923 ogganniunt,
571 2859 712 2909 retinemur
730 2872 777 2907 nus
815 2853 886 2920 quud
905 2853 1059 2918 prodigium,
1076 2866 1108 2902 ex
1125 2852 1200 2901 libris
1216 2850 1352 2916 Sibyllinis

244 2933 383 2996 genuinam
393 2941 422 2984 et
433 2935 569 2998 propriam
580 2934 654 2984 verbi
664 2936 778 2998 (sperum
809 2929 875 2994 jursi
887 2927 1029 2979 Pontifices
1046 2943 1080 2978 es
1093 2929 1121 2978 S.
1131 2928 1163 2978 C.
1183 2926 1260 2977 Albae
1278 2938 1353 2977 κιαι

242 3007 324 3071 tiber)
332 3011 583 3074 interpretationem,
592 3017 715 3075 putantes
726 3010 777 3060 hoc
814 3020 950 3057 renovare.
982 3006 1067 3057 Tanta
1077 3003 1148 3053 enim
1159 3010 1278 3066 repente,
1292 3016 1352 3052 eun

242 3085 313 3150 quod
324 3085 384 3135 Itali
396 3086 473 3137 Febre
481 3092 597 3151 prumano
612 3102 641 3135 rro
652 3085 683 3146 fo
693 3101 778 3137 sonere
815 3096 847 3133 et
857 3082 957 3131 velient
968 3077 1121 3141 transferre,
1131 3078 1231 3143 grando
1243 3078 1351 3141 cecidit,

243 3177 366 3225 campens.
399 3163 582 3229 Adstipulatur
594 3164 683 3215 Flavio
694 3170 723 3214 et
733 3178 779 3214 no-
815 3163 845 3206 ut
860 3157 1039 3220 intelligerent
1052 3156 1107 3205 sois
1122 3155 1187 3205 locis
1204 3170 1280 3205 sacra
1297 3168 1362 3204 uua-

242 3235 448 3302 bisGrangaeus.
814 3233 1015 3284 essemorenda.
1048 3232 1115 3283 Inde
1124 3232 1161 3282 rbi
1170 3240 1350 3295 perseverant,

275 3319 308 3363 58
329 3314 466 3378 Stmdcbut]
505 3317 593 3366 Vento
622 3322 651 3366 et
678 3314 777 3380 frigore
814 3312 873 3362 itleo
895 3319 924 3362 et
943 3313 1052 3362 Vestam
1077 3310 1205 3367 minorem
1226 3309 1295 3360 dixit
1316 3309 1351 3359 ad

245 3391 333 3443 omnia
346 3390 665 3455 infestabat—Deformis]
688 3391 730 3442 Ab
741 3391 777 3440 ef·
814 3390 1038 3455 compositionem.
1058 3390 1109 3438 Vct.
1125 3388 1181 3439 Scir.

242 3464 326 3530 tecto,
337 3467 405 3531 quod
417 3467 501 3516 hieme
512 3482 618 3531 prorsus
628 3469 714 3519 omnia
723 3468 778 3519 sint
844 3471 877 3518 di
895 3467 1010 3529 Obstitit,
1019 3466 1075 3530 tre]
1090 3467 1122 3517 In
1134 3466 1246 3516 ilioloco
1257 3465 1292 3516 sd
1300 3463 1350 3516 Al·

243 3540 386 3593 deformia:
403 3543 504 3592 Eadem
515 3544 618 3594 ratione
628 3544 723 3594 Horat
733 3558 777 3593 vo-
814 3543 882 3593 ham.
884 3543 1052 3605 -lttiretris,
1067 3541 1121 3605 tra]
1137 3543 1216 3593 Forte
1232 3539 1352 3591 secerdo-

245 3624 291 3671 eat
310 3617 443 3678 Munera
443 3620 640 3684 —Proedomque,
659 3620 714 3683 tre]
751 3617 777 3668 Α
814 3625 869 3671 tum
890 3619 1061 3683 Albanorum,
1077 3621 1121 3684 qui
1141 3619 1248 3683 pessimi
1265 3624 1351 3681 erant,

243 3696 413 3760 corruptione
422 3710 562 3746 immunem
571 3697 702 3748 servabat
728 3698 777 3747 Lu-
813 3698 888 3747 etin
916 3711 1025 3762 quorum
1051 3697 1159 3761 collegio
1182 3695 1349 3747 Domitianus
1405 3738 1413 3752 .

243 3770 294 3821 iitr-
814 3788 928 3824 summus
944 3770 1065 3837 pontifex
1082 3778 1149 3823 erat.
1184 3772 1349 3821 Mirabantur

275 3852 309 3898 tu
329 3847 471 3911 Veiente]
488 3848 778 3914 Periculoseilicetpn·
814 3849 883 3900 enim
903 3849 984 3911 piscis
1004 3848 1197 3899 enormitatem.
1226 3847 1349 3897 labia.—

243 3924 362 3976 trediuis.
379 3925 446 3974 litere
447 3925 588 3989 —Arrster1
605 3926 706 3974 Ventus
715 3925 778 3975 cair
815 3925 918 3975 Obstitit
935 3926 1040 3975 intructi
1057 3926 1172 3975 enirm
1189 3923 1270 3987 turbo]
1286 3924 1350 3973 Sen-

244 3998 303 4059 ἀπα,
321 4016 372 4067 quo
392 4001 475 4065 pisces
493 4011 703 4067 corrumpuntur.
723 4003 777 4053 Vet.
815 4003 897 4053 tentia
908 4002 984 4068 hujus
996 4003 1113 4052 locihaec
1130 4010 1181 4066 cst,
1199 3999 1349 4051 advenienti

243 4073 302 4126 scu
814 4080 921 4130 rborrrbo
932 4080 965 4129 ab
978 4080 1135 4130 atriensibus
1146 4088 1174 4129 et
1190 4076 1347 4143 janitoribus

276 4158 310 4203 du
330 4155 408 4217 thue
424 4155 488 4203 locu
505 4154 626 4221 abnuat]
655 4155 706 4206 Ubi
720 4154 777 4219 jars
814 4158 897 4222 primo
917 4157 1022 4207 occlusa
1037 4155 1088 4206 fuit
1103 4156 1193 4220 janus,
1210 4161 1303 4221 posteo
1317 4166 1347 4203 re

243 4230 359 4298 phesur
369 4233 529 4284 delatoribus
547 4235 777 4298 comitatus,lacos
813 4234 951 4286 iutehsota
964 4234 1099 4285 exclusum
1109 4231 1287 4296 admisere,et
1303 4243 1348 4294 pa·

242 4306 430 4362 raharnoibus
449 4308 523 4362 Alba
538 4316 684 4379 superum,
697 4317 727 4364 et
743 4309 778 4363 sd
814 4309 897 4363 tribus
909 4307 1080 4376 sperandum
1091 4307 1243 4360 exhibuere.
1254 4306 1342 4359 urar..
