3084 4934
621 425 673 474 in
697 424 778 474 ssu.
804 425 860 475 ix.
1211 412 1278 480 5119

172 573 229 650 sit,
244 592 286 639 eo
310 574 371 652 uti,
397 572 433 639 id
448 572 584 658 quidem
605 588 724 658 parum
746 572 922 657 probabile
943 571 1278 664 videtui-ttonytg

172 673 285 760 ybdxroe
311 673 398 764 ἄνδρα
427 674 544 741 κίναιδον
563 679 618 744 47.
642 676 718 755 ἤθους
743 674 969 767 γλυκὺςγᾶνδςα
990 675 1109 742 κίναιδον
1121 681 1179 745 46.
1201 679 1278 758 uiuus

172 790 293 863 γλυκως
305 804 359 861 μην
373 780 461 865 ανδρα
475 781 659 847 0000010120.
671 778 859 867 ηθουςκαηερ
871 793 981 864 γλυκυν
994 783 1079 868 eripe
1090 784 1208 847 κιναιδον
1221 784 1277 850 49.

172 882 226 947 54.
248 883 394 958 550111ος
415 896 521 969 γλικου
542 885 629 971 ανδρα
650 885 767 957 mimda
793 885 861 949 lt..
871 886 924 951 17.
951 885 1024 959 aiios
1044 898 1141 971 γλυκυ
1161 888 1278 951 atratino

172 987 267 1075 cuipas
293 987 346 1052 19.
373 1011 431 1063 mr
454 1000 551 1073 γλυκυ
572 1013 621 1050 και
642 1014 728 1075 asopo
748 988 866 1062 nomios
881 989 936 1054 24.
961 989 1058 1065 ηὸοσης
1076 1001 1172 1075 γλυκυ
1191 991 1278 1079 erige

171 1090 297 1152 κνναιδου
311 1092 365 1155 11.
409 1090 507 1157 Alius
521 1092 660 1158 oliorum
673 1109 778 1176 nugas
799 1091 1279 1174 pretermittimus-Sciun-

169 1192 312 1259 tleisobii
325 1202 405 1261 nota
419 1201 470 1261 est
482 1197 577 1261 hoec:
602 1194 695 1275 ‘Qui
709 1215 754 1261 ex
768 1194 919 1260 Homero
929 1214 997 1259 rem
1007 1200 1169 1279 repetunt,
1180 1202 1279 1263 acute

170 1295 195 1360 ii
210 1288 362 1380 quidem,
372 1296 430 1362 sed
445 1297 468 1363 J
471 1298 619 1362 nveoniis
631 1316 698 1362 non
711 1296 775 1362 iuit
792 1302 921 1375 acubus,
936 1297 994 1382 qui
1009 1302 1077 1362 tam
1091 1298 1279 1383 simplicem

169 1417 304 1463 sensum
318 1399 450 1466 Graeois
465 1400 576 1465 verbis
590 1400 719 1467 dixerit.
762 1398 846 1465 Vox
864 1399 951 1486 51ρο
972 1401 1009 1464 in
1029 1399 1148 1466 codice
1165 1405 1278 1466 nostro

167 1499 299 1565 literam
325 1501 508 1567 secundam
533 1508 655 1587 puncto
693 1504 906 1568 subnotatam
935 1503 1045 1568 babet.
1102 1503 1142 1569 Id
1169 1508 1275 1581 notat,

167 1602 299 1668 literam
312 1603 509 1688 ejiciendam
522 1622 609 1668 osse.
647 1602 740 1682 Quid
752 1603 783 1668 si
795 1623 859 1668 nos
872 1609 1035 1687 puncbim
1048 1604 1130 1670 iliud
1144 1605 1278 1671 unicum

163 1705 451 1788 'elegantissimam
465 1695 585 1772 docem
599 1709 807 1792 scripturam,
833 1714 867 1772 et
882 1713 1051 1786 monstret,
1065 1709 1101 1772 in
1113 1707 1280 1774 iuvenale

170 1807 411 1875 emendandum
425 1828 518 1875 esse:
541 1809 625 1873 αὐτὸν
638 1811 697 1896 γὰρ
714 1806 974 1896 1φίλκπαιᾶστρα
989 1807 1118 1889 stratio,
1133 1809 1188 1875 vel
1201 1830 1280 1895 pro·

169 1910 250 1995 pius
264 1913 307 1977 ad
322 1919 465 1979 veterem
480 1915 690 1999 scripturum,
713 1915 830 1977 uirili
847 1911 922 1977 ἕλκει
946 1915 1056 2002 γλυκὺν
1078 1916 1175 2003 ἄστρα
1189 1914 1280 1982 sitat-

93 2026 97 2041 ‘
171 2015 226 2080 lo.
256 2014 325 2081 Sed
339 2017 432 2100 prior
440 2018 551 2096 lectio,
566 2036 644 2082 cnm
657 2017 799 2101 perodio
812 2020 857 2083 sit
868 2018 1027 2102 pressior,
1042 2019 1141 2103 plene
1154 2019 1277 2103 placet,

170 2123 204 2182 et
222 2118 394 2202 'spondere
416 2121 534 2198 ausim,
556 2119 605 2184 ita
625 2119 824 2186 Iuvenalem
854 2121 1042 2204 scripsisse,
1067 2126 1106 2185 ut
1134 2119 1279 2186 Naevolo

170 2220 385 2303 persuadeat,
408 2221 573 2288 fortunam
596 2224 631 2287 in
653 2223 805 2307 turpibus
826 2224 926 2287 etiam
942 2224 1040 2288 rebus
1055 2224 1200 2305 agenesi
1221 2221 1280 2287 de·

171 2321 327 2405 pendere,
350 2332 384 2389 et
406 2324 505 2389 simul
527 2323 614 2389 idem
639 2324 806 2389 credentes
832 2322 1003 2389 Romanos
1026 2322 1193 2390 derident.>
1237 2324 1280 2389 In

172 2420 287 2489 Schol.
302 2445 363 2509 pro
378 2425 443 2510 ipse
457 2424 501 2488 ud
512 2447 542 2490 se
556 2424 655 2488 trabit
671 2426 787 2512 possis
809 2427 917 2509 legere
932 2425 1030 2512 ipsum
1046 2436 1164 2489 ostrum
1179 2424 1280 2491 trabit
1403 2513 1405 2517 Ι

171 2529 226 2593 vel
241 2536 273 2590 te
287 2526 399 2609 trahit,
412 2535 451 2594 ut
462 2530 589 2612 legerit,
615 2527 649 2591 oi
663 2532 723 2615 γὰρ
735 2528 820 2591 αὐτὸν
843 2525 994 2605 ipit-arras
1015 2529 1114 2614 ἄστρα
1138 2527 1277 2592 sirarios?

173 2630 262 2696 Mihi
291 2634 399 2716 aptior
426 2631 629 2715 facetiorque
653 2628 782 2698 videtur
803 2638 916 2697 nostra
940 2633 1052 2711 lectio,
1080 2651 1142 2698 nec
1170 2632 1278 2716 magis

173 2752 345 2818 assequor,
360 2755 419 2821 our
431 2734 605 2800 luvenalis
621 2735 680 2800 illa
692 2735 826 2801 Graecis
850 2735 1053 2820 expresserit
1064 2736 1187 2813 verbis,
1211 2734 1286 2813 vel,

173 2836 201 2899 si
217 2835 402 2903 Homerica
415 2837 449 2900 in
462 2856 531 2903 rem
545 2855 642 2901 suam
660 2843 849 2903 convertere
863 2838 981 2916 voluit,
994 2838 1114 2921 dequo
1135 2839 1197 2904 vix
1218 2836 1279 2903 du·

172 2938 278 3005 bitere
307 2940 432 3022 possis,
458 2946 528 3004 tam
548 2939 657 3021 multa
674 2939 908 3018 immutaverit,
933 2956 1034 3024 quam
1059 2959 1119 3004 cur
1143 2946 1279 3005 acutum

174 3040 315 3106 Homeri
329 3044 522 3109 sententiam
535 3042 721 3107 variatione
743 3043 843 3108 unius
856 3044 953 3108 vocis
966 3063 1034 3108 non
1046 3041 1160 3126 lepide
1172 3049 1278 3108 trans·

173 3144 288 3210 tulisse
302 3146 484 3211 censendus
497 3146 555 3211 sit.

511 3555 939 3634 EXCURSUS

592 3778 645 3830 An
661 3777 736 3830 SAT.
753 3778 803 3830 IX.
818 3782 860 3829 40.

215 3944 438 4012 Suttuensis
460 3943 562 4029 hujus
582 3945 649 4010 loci
675 3950 746 4010 est:
783 3941 950 4028 Computnt
973 3945 1125 4011 cinaedus
1146 3965 1277 4025 avarus,

175 4066 247 4130 quta
263 4047 357 4113 dedit
379 4048 461 4112 mihi
479 4047 580 4125 douo,
604 4069 641 4110 ac
665 4056 759 4125 cenet,
779 4053 813 4113 et
834 4052 945 4112 tamen
963 4046 1093 4112 libidini
1119 4047 1279 4130 indulget,

175 4149 228 4212 cui
257 4148 419 4234 imperare
441 4169 507 4214 non
537 4154 661 4234 potest3
696 4149 761 4227 vel,
790 4149 955 4214 calculum
977 4154 1011 4214 et
1038 4147 1183 4212 rationes
1210 4168 1280 4213 mo·

174 4268 247 4317 oum
290 4250 457 4330 subducit,
490 4250 570 4315 dum
606 4251 721 4335 explet
761 4249 944 4315 libidinem.
1005 4245 1118 4313 Cedere
1147 4249 1279 4336 proprie
